3202 5168
358 439 590 492 eruanaroaun
611 434 827 488 Iurmrcrrsrr.
868 432 931 488 Lib.
954 435 979 488 l.
1123 431 1163 492 2ss

168 585 263 626 annos
287 566 354 622 tabe
374 564 463 621 totius
480 561 610 638 corporis
633 572 883 635 computrescens,
905 559 1031 617 liliorum
1053 563 1165 637 aliquot

167 669 309 747 imprimis
333 669 522 739 surditatem,
542 685 611 725 mcx
628 678 657 721 et
677 663 874 739 desipientiam
894 676 1027 739 expertus
1039 685 1165 742 ,super-

168 774 304 832 ueniente
321 773 463 830 bellorum
482 781 649 844 tempestate
666 769 754 825 vitam
774 781 854 825 extra
872 769 995 844 patriam
1014 769 1045 824 in
1061 787 1165 844 magna

171 896 270 936 rerum
290 877 420 932 omniurn
442 872 660 950 perturbatione
686 872 848 946 dereliquit.

211 983 258 1036 Ita
278 991 306 1058 et
324 982 449 1036 Jacoaus
471 981 603 1034 Picenus
622 977 815 1046 Bellanensis,
839 987 867 1032 et
886 977 998 1053 generis
1016 978 1166 1034 nobilitate
1178 963 1304 1081 PJa⁰⁰⁶¹⁴⁸
1379 980 1381 985 ’

170 1083 309 1160 insignis,
331 1094 360 1138 et
379 1083 540 1139 litteratura
563 1099 624 1135 non
645 1079 816 1150 incelebris,
838 1080 934 1136 multis
957 1081 1036 1156 apud
1059 1081 1166 1156 magis·-
1202 1049 1308 1100 agam

170 1199 264 1244 tratus
292 1189 413 1243 Venetos
435 1183 595 1240 honoribus
618 1176 809 1257 perfu'nctns,
835 1201 894 1256 quo
917 1194 1046 1258 tempore
1064 1203 1167 1240 nume

133 1277 137 1290 ’
170 1309 243 1348 rosae
262 1288 352 1364 prolis
369 1287 461 1356 recte,
482 1297 511 1342 et
527 1284 650 1362 ingenue
669 1285 821 1356 institutae,
839 1286 983 1362 educata,
1003 1297 1031 1342 et
1047 1287 1167 1344 eruditae

168 1393 275 1450 solatio
304 1392 363 1448 frui
388 1391 532 1460 debebat,
558 1390 589 1445 in
613 1389 856 1446 turbulentissime
880 1390 1044 1446 Germanici
1066 1402 1167 1446 contra

172 1500 299 1554 Venetos
321 1494 398 1551 'belli
429 1505 561 1568 tempora
590 1492 716 1562 incidit,
751 1511 876 1566 qnorum
906 1491 1042 1549 violentia
1061 1495 1166 1568 patria

169 1598 295 1655 extorris
315 1598 430 1666 factus,
453 1597 524 1652 dum
546 1596 740 1652 barbarorum
765 1595 903 1652 saeuitism
932 1608 1043 1670 quanto
1071 1609 1169 1672 potest

172 1703 269 1759 studio
295 1701 438 1769 declinat,
467 1699 647 1756 voluntarius
674 1699 742 1755 exul
764 1699 891 1755 Venetiis
918 1699 1048 1756 omnium
1070 1716 1168 1757 rerum

147 1817 150 1823 '
170 1804 361 1862 incommodis
384 1802 507 1860 afflictus
528 1803 624 1878 periit.

211 1906 277 1964 Fuit
298 1918 326 1963 et
348 1909 538 1963 Hmnorruus
570 1908 724 1975 Dortrus,
752 1907 892 1962 Patricius
916 1919 1030 1978 noster,
1061 1908 1168 1966 nullius
1197 1891 1323 2009 ΗἪ·

171 2012 290 2088 iguarus
313 2010 465 2079 doctrinae,
486 2011 592 2078 Poeta,
615 2011 737 2077 Orator,
757 2007 964 2083 Philosophus,
990 1977 1234 2085 Theomnasti
1278 1975 1323 2007 Μ·

172 2112 456 2188 Matfsematicnsquc
481 2111 689 2187 peregregius,
715 2121 797 2166 tanta
821 2129 934 2185 semper
957 2113 1000 2168 rei
1023 2112 1170 2172 familiaris

173 2217 322 2286 molestia,
349 2227 377 2272 et
396 2215 620 2272 domesticorum
642 2214 680 2270 ad
695 2213 778 2270 'iussa
797 2214 947 2270 rebellium
972 2233 1062 2287 cura,
1089 2217 1170 2272 selli-

172 2319 357 2394 citudineque
378 2318 553 2392 inquietatus
574 2327 635 2387 est,
659 2328 693 2372 ut
712 2317 767 2372 nisi
785 2336 868 2373 curas
888 2318 1048 2374 litterarum
1066 2320 1169 2378 solatio

97 2439 98 2444 ’
174 2423 312 2492 leuasset,
331 2426 416 2477 nemo
431 2439 560 2494 unquam
578 2438 613 2475 eo
636 2419 767 2475 miserior
788 2419 902 2476 futurus
916 2420 1011 2480 fuerit.
1028 2423 1057 2478 Is
1068 2434 1170 2496 postea

173 2544 263 2600 quam
289 2525 427 2582 diuturno
455 2524 554 2579 labore
576 2522 784 2579 ferocissimum
806 2524 880 2594 laltj
900 2525 1023 2581 Secundi
1043 2525 1170 2582 animum

174 2628 205 2684 in
237 2630 358 2684 Venetos
385 2627 579 2686 exulceratum
611 2644 664 2700 per
693 2625 904 2682 intolerabilem
932 2627 1100 2702 patientiam
1123 2630 1170 2686 bic

176 2735 282 2788 Orator
300 2729 483 2805 peruicerut,
507 2740 715 2803 prostrataque
735 2729 793 2785 iam
814 2731 913 2804 patria
937 2731 1117 2804 subsidium,
1142 2743 1172 2789 et

174 2833 395 2907 respirationem
417 2843 656 2905 comparauerat,
680 2850 715 2886 eo
738 2832 803 2906 ipso
824 2832 890 2902 die,
912 2852 971 2907 quo
994 2833 1084 2891 faedus
1105 2855 1172 2891 cum

173 2937 253 2992 lulio
267 2947 399 2991 sanxerat
417 2935 448 2990 in
466 2934 675 3008 rapidissimam
686 2936 782 3009 lapsus
803 2935 924 3007 febrim,
942 2937 1086 3012 breuique
1104 2938 1171 2996 inde

174 3039 335 3110 extinctus,
358 3039 539 3094 subsecutam
560 3039 660 3111 patria
682 3057 759 3109 snae,
775 3057 863 3113 quam
886 3041 923 3096 de
940 3040 1172 3114 pertinacissimae

176 3141 299 3198 fortunae
322 3141 453 3198 manibus
474 3151 653 3210 extorserat,
677 3140 840 3196 felicitatem
863 3141 961 3198 videre
984 3160 1045 3200 non
1064 3144 1171 3218 potuit.

176 3245 290 3319 Scripta
312 3244 372 3300 eius
394 3243 598 3300 innumeread
615 3243 858 3299 immortalitatem
882 3245 1068 3315 elucubrata,
1091 3246 1172 3319 quod

178 3347 298 3403 eruditis
324 3346 552 3422 indignissimum
574 3358 616 3402 est
641 3365 833 3402 aerumnarum
859 3363 969 3422 genus,
994 3349 1172 3422 paucissimis

178 3451 337 3506 admodum
361 3449 505 3524 exceptis,
528 3469 591 3524 quae
616 3449 716 3506 riuens
745 3446 898 3519 ediderat,
923 3449 1017 3505 adhuc
1038 3450 1069 3505 in
1093 3462 1172 3506 tene-

178 3552 238 3608 bris
257 3553 351 3608 iaccnt
373 3553 522 3608 occultata.
890 3549 892 3554 ’

189 3639 192 3648 1
219 3656 276 3714 Sed
290 3655 320 3710 hi
330 3655 428 3712 forsan
441 3657 606 3713 communia
619 3675 683 3712 cnm
699 3655 795 3711 multis
809 3655 886 3729 passi
897 3655 1059 3726 videantur,
1077 3674 1172 3731 neque
1184 3660 1305 3778 ZGcbbrtet

1209 3745 1237 3779 θΓ
1252 3747 1287 3778 ild·

180 3757 256 3814 forti
277 3759 443 3814 aerumnosis
459 3759 667 3815 adnumerandi
686 3758 805 3828 fuerint,
825 3758 914 3813 veluti
931 3758 1172 3815 calamitosissima

179 3863 336 3916 Garamum
356 3863 447 3916 Zarex
474 3863 642 3917 Veronensis
663 3862 773 3918 Medici
791 3879 884 3930 mors,
906 3878 964 3933 qua
983 3863 1062 3916 nulla
1076 3862 1173 3918 multis

180 3963 286 4018 abhinc
312 3964 393 4020 annis
421 3981 516 4039 neque
542 3965 723 4035 immanior,
761 3982 856 4038 neque
883 3964 1028 4020 crudelior
1059 3966 1172 4021 accidit.

180 4065 298 4121 Fuit'is
325 4067 356 4121 in
384 4068 527 4124 Patauino
559 4069 714 4141 Gymnasio
740 4066 887 4141 professor
915 4067 998 4124 valde
1032 4069 1173 4139 celebris,

181 4168 262 4225 cuius
285 4169 531 4244 promptissimum
551 4169 719 4247 ingenium,
738 4182 768 4228 et
788 4170 932 4248 intrepida
954 4171 993 4228 ob
1013 4173 1174 4230 doctrinam
