3202 5168
419 533 1419 569 tem

448 753 727 909 tuterunt
758 816 977 911 sinaut
1009 817 1383 918 TESTIMONIUM.

418 1044 620 1126 Sptzatius
634 1045 676 1123 in
686 1044 968 1124 Dissertatione
977 1046 1246 1127 Praeliminurt'
1253 1049 1415 1156 Operis,

471 1176 536 1254 cui
552 1174 694 1256 titulus
711 1193 772 1254 est
788 1177 913 1256 Fatue
930 1175 1178 1255 Lirrnntrus
1194 1177 1417 1284 (Arignotus
1431 1251 1433 1256 ,

476 1307 521 1383 V
516 1305 787 1400 indeficuum,
814 1303 933 1402 1676,
955 1304 1064 1386 iit-8⁰
1077 1307 1114 1412 )‚
1138 1306 1223 1386 haec
1240 1307 1282 1384 in
1300 1307 1416 1388 initio

473 1432 594 1515 habet
610 1435 741 1519 verba.

760 1686 1080 1740 &Quo-,-

424 1863 691 1989 Amnuunon
712 1917 823 1988 semel
838 1920 1009 2015 cogitatio
1028 1916 1150 2005 subiit,
1163 1917 1262 1989 unde
1277 1931 1418 1996 tuntum

421 2036 577 2110 fortunae
597 2062 681 2135 erga
690 2043 802 2110 Viros
819 2043 1038 2110 L1rrnmros
1056 2039 1197 2126 odium,
1215 2043 1292 2110 ut'b
1309 2041 1419 2136 longo

423 2157 631 2230 seculorum
656 2157 811 2230 decurso
832 2173 996 2256 tempore
1017 2159 1161 2230 assidua
1184 2161 1223 2230 in
1243 2184 1307 2230 eos
1327 2161 1418 2230 cala-

422 2278 591 2352 mitatum
612 2291 649 2351 et
668 2279 905 2370 miseriarum,
919 2276 1070 2350 fulmina
1090 2280 1265 2369 emiserit,
1283 2280 1418 2376 pleros·

424 2424 496 2496 que
530 2401 631 2496 gravi
662 2402 830 2498 egestatis
862 2400 1057 2496 subjecerit
1087 2401 1206 2497 jugo,
1240 2400 1420 2497 quosdam

426 2518 564 2590 duriori
584 2521 798 2605 excruciarit
817 2543 983 2608 carcere,
1005 2523 1093 2594 alios
1116 2524 1154 2591 in
1172 2522 1320 2592 exilium
1338 2547 1420 2620 ege·

424 2640 496 2728 rit,
528 2640 726 2713 nonnullos
757 2642 899 2738 injuriis
931 2643 1130 2732 innumeris
1162 2641 1311 2734 affectos
1335 2642 1420 2714 hor-

425 2761 547 2833 rendae
582 2760 729 2844 tandem
770 2761 912 2832 dederit
947 2763 1210 2852 internecioni,
1254 2765 1421 2860 adeoque

426 2884 637 2955 universum
659 2882 735 2955 fere
755 2885 891 2956 Orbem
915 2883 1098 2955 eruditum
1125 2888 1234 2955 tantis
1256 2885 1421 2956 cladibus

316 3053 325 3072 t
426 3004 604 3102 insignem
630 3003 812 3095 effecerit,
837 3021 878 3077 ut
903 3007 994 3077 nihil
1025 3004 1100 3076 fere
1128 3009 1166 3077 in
1194 3031 1238 3081 eo
1267 3005 1421 3077 laetabile

426 3149 589 3224 unquam
618 3125 664 3197 sit
692 3125 971 3223 deprehensum.

474 3249 669 3322 Molestum
695 3251 864 3348 equidem
891 3249 1005 3339 foret,
1033 3247 1260 3348 arduumque
1292 3252 1422 3337 nimis,

427 3397 535 3444 omne
553 3370 773 3443 infelicitatis
791 3374 970 3444 litterariae
987 3387 1156 3443 excutere
1175 3374 1423 3458 seminarium,

427 3505 535 3590 atque
554 3493 778 3565 miserandas
798 3496 1040 3566 maximorum
1061 3494 1168 3564 etiam
1187 3495 1421 3590 Ingeniorum

339 3627 341 3631 '
428 3639 711 3688 commemorare
735 3615 867 3686 ruinas.

271 3749 419 3806 Jul’totus
476 3741 559 3810 Non
578 3760 715 3834 paucos
733 3762 778 3808 ex
794 3737 870 3807 sola
886 3737 987 3807 Italia
1005 3741 1145 3806 Pierius
1165 3736 1348 3805 recensuit
1366 3735 1422 3804 sui

281 3819 375 3873 Valer.
390 3821 418 3868 in
713 3857 719 3871 ·
791 3859 798 3871 ·
1061 3857 1068 3869 ·
1163 3857 1220 3869 ··
1319 3855 1325 3868 ·

290 3887 345 3940 fib,
364 3885 402 3939 De
430 3881 544 3956 prope
568 3871 741 3954 temporis
765 3879 882 3945 viros,
910 3856 1090 3953 praeclaris
1113 3880 1224 3924 animi
1251 3854 1423 3942 dotibus,

271 3953 418 4075 ffl‘ffl]
429 3979 565 4077 pariter
582 4003 623 4050 ac
646 3975 801 4062 furtunae
818 3979 1049 4047 novercantis
1068 3975 1236 4046 ludibriis
1250 3976 1421 4046 illustres

275 4092 347 4160 '⁶⁶4'
476 4097 602 4172 Plures
628 4101 797 4170 Pieriano
817 4097 975 4196 pegmati
999 4095 1230 4167 doctissimus
1254 4095 1423 4193 adposuit

429 4223 594 4294 Tounms.
