3202 5168
418 434 457 536 ilfi
666 449 789 504 loannis
808 447 906 523 Prsarj
928 450 1111 522 Vastauna,
1132 469 1169 508 aa

418 590 503 648 posse
523 574 719 650 experimento
736 576 936 648 discebamus,
962 577 1028 634 cum
1048 578 1161 635 mature
1184 578 1268 636 nimis
1285 581 1416 656 receptui

419 675 585 748 cecinisset,
611 679 815 756 medicinaque
840 699 869 738 se
894 681 1008 756 penitus
1026 682 1204 754 addidisset,
1235 694 1264 740 et
1287 703 1415 757 nomen,

419 791 448 836 et
466 779 597 838 fortunas
620 783 729 856 amplas
747 784 778 838 in
793 783 889 858 patrio
902 783 1074 858 acquisierat
1094 786 1165 841 solo.
1181 787 1229 842 Ad
1248 788 1308 844 hacc
1323 807 1415 845 uxore

419 901 507 958 supra
526 903 613 959 quam
628 885 800 960 Philosopho
813 886 1003 942 conueniebat
1019 886 1161 958 formosa,
1181 900 1209 944 et
1226 879 1294 946 dote
1310 909 1415 968 magna

419 998 538 1058 auctus,
567 987 637 1044 dum
658 1000 725 1063 post
745 1000 789 1045 tot
809 989 968 1045 exantlatos
980 989 1106 1066 ,labores
1126 1002 1223 1064 sperat
1241 983 1302 1049 otio
1316 993 1415 1069 aliquo

417 1109 472 1166 per
490 1090 617 1166 quietem
633 1091 707 1164 frui,
727 1103 756 1148 et
776 1092 873 1167 aliqua
891 1091 1015 1168 ingenii,
1036 1103 1065 1148 et
1082 1093 1253 1152 eruditionis
1274 1115 1331 1152 suae
1351 1116 1414 1153 ιιιο-

416 1206 566 1256 minuentes*
582 1196 706 1270 posteris
734 1196 915 1270 relinquere,
949 1195 1062 1252 rebellis
1093 1197 1223 1273 coniugis
1245 1216 1355 1272 opera,
1380 1211 1414 1255 ut

415 1297 492 1354 fama
520 1309 586 1370 est,
615 1299 632 1355 is
657 1299 883 1373 percussoribus
905 1310 1045 1373 quattuor
1071 1300 1168 1357 multis
1201 1312 1230 1356 et
1260 1301 1414 1357 lethalibus

415 1400 582 1458 uulneribus
606 1401 756 1459 confossus
780 1413 832 1458 est.
854 1403 985 1476 Cumque
1008 1401 1137 1477 diligenti
1159 1403 1307 1460 curatione
1327 1405 1412 1461 adbi-

415 1503 476 1560 bita
503 1505 604 1560 mortis
623 1505 680 1560 iam
703 1504 863 1579 periculum
888 1504 1012 1560 euasisse
1039 1503 1206 1575 videretur,
1233 1505 1271 1561 ab
1293 1523 1327 1562 ea
1350 1507 1414 1581 ipsa

416 1624 507 1663 uxore
527 1625 638 1663 veneno
656 1608 772 1664 demum
789 1607 882 1664 fertur
901 1607 1053 1664 extinctus.

275 1707 397 1787 Andreas
455 1712 493 1766 Et
507 1710 645 1785 quoniam
658 1710 696 1766 ad
708 1711 839 1766 Medicus
852 1708 990 1766 sermonis
1002 1727 1049 1766 me
1062 1694 1148 1767 series
1164 1711 1264 1781 traxit,
1277 1715 1413 1768 Anausis

258 1773 406 1846 nga'm‘
416 1815 593 1883 Mororrus,
615 1812 807 1882 Belluneusis,
839 1812 991 1886 repentino
1013 1813 1142 1870 sublatus
1158 1793 1250 1871 ⁸obitu
1279 1814 1414 1879 studiosis
1488 1873 1492 1879 ,

415 1916 520 1992 potius.
540 1916 692 1987 omnibus,
715 1917 802 1991 (ιιιὲιιι
831 1915 885 1972 sibi
911 1915 966 1971 luit
992 1916 1202 1973 incommodus.
1235 1919 1288 1974 Ille
1312 1917 1411 1989 enim,

415 2020 481 2075 ciam
503 2019 668 2095 diligentem
684 2020 841 2076 Medicinae
859 2035 978 2093 operam
997 2018 1136 2090 dedisset,
1159 2020 1324 2095 deprauatis
1343 2020 1411 2076 ubi-

417 2141 474 2197 que
486 2123 643 2179 Auiccuuoe
661 2121 808 2179 codicibus
828 2120 972 2198 offensus,
993 2122 1167 2177 Damascum
1185 2141 1278 2196 usque
1297 2121 1413 2198 profec-

416 2237 499 2282 turus
536 2225 575 2282 ad
595 2225 730 2300 antiquos
751 2225 811 2281 eius
829 2223 954 2280 auctoris
973 2223 1062 2281 libros
1084 2224 1295 2300 perquirendos
1317 2223 1413 2300 pelagi

416 2340 528 2410 tanturn
547 2329 730 2404 enauigauit,
753 2339 897 2384 terrarum
916 2339 1028 2384 tantum
1051 2327 1226 2403 peragrauit.
1247 2327 1305 2383 Ubi
1329 2345 1362 2383 ea
1381 2327 1413 2383 in

410 2431 489 2487 urbe
512 2431 665 2501 consedit,
686 2431 811 2487 Arabica
838 2450 892 2506 peu
914 2449 1054 2487 summam
1074 2429 1266 2500 industriam,
1291 2441 1320 2486 et
1339 2430 1413 2506 vigi·

415 2533 533 2590 lantiam
557 2535 656 2609 lingua
679 2533 786 2609 optime
803 2525 944 2613 percepta
971 2544 1031 2589 tam
1057 2531 1134 2588 utilis
1155 2531 1281 2588 auctoris
1306 2531 1413 2607 scripta

416 2636 513 2691 omnia
530 2648 714 2706 correxerat,
737 2637 884 2710 multaque
908 2636 946 2691 ad
967 2635 1042 2690 hanc
1060 2645 1172 2690 aetatem
1192 2634 1337 2710 incognita
1358 2634 1411 2691 de·

411 2739 560 2808 clareret,
589 2740 655 2794 ciam
685 2739 702 2794 is
726 2741 831 2796 &natu
860 2741 967 2795 Veneto
997 2738 1158 2794 conductus
1186 2738 1341 2793 Patauinae
1368 2749 1412 2794 est

417 2841 558 2897 cathedrae
576 2841 747 2916 praelectus,
770 2853 908 2915 utquam
927 2840 1035 2915 optime
1060 2839 1201 2909 callebat,
1227 2851 1318 2895 artem
1338 2837 1411 2895 edo-

417 2956 504 3001 ceret.
522 2945 641 3000 ·Paucis
665 2943 735 2999 verb
766 2954 832 3018 post
864 2942 1010 2999 mensibus
1041 2942 1058 2999 a
1087 2961 1187 3011 cana,
1227 2942 1306 2997 nulla
1327 2942 1408 2998 malae

417 3045 576 3122 cuiuspiam
598 3045 768 3102 valetudinis
789 3045 919 3101 molestia
937 3056 1123 3119 praetentatus
1148 3043 1288 3100 subitario
1305 3055 1413 3100 euentu

333 3169 338 3204 ·.
418 3151 448 3206 ὶιι
470 3151 607 3207 lectulum
627 3149 778 3206 inclinatus
801 3148 952 3224 expirauit.

465 3255 523 3312 Sed
545 3255 621 3310 enim
649 3265 760 3328 quanto
785 3251 962 3309 tolerabilior
990 3261 1033 3307 est
1054 3249 1183 3326 Mongaij
1205 3266 1303 3319 mors,
1332 3249 1413 3323 quaid

417 3376 519 3429 senex,
540 3356 620 3432 qubd
637 3358 814 3426 honoratus,
839 3356 921 3431 qubd
940 3354 1043 3424 diues,
1065 3353 1146 3427 qubd
1166 3353 1226 3409 sine
1244 3352 1341 3408 morbi
1358 3352 1413 3408 ali·

415 3461 498 3518 cuius
517 3461 663 3530 molestia,
678 3460 758 3535 qubd
769 3459 906 3534 operibus
920 3476 983 3532 quae
1001 3455 1176 3532 parturierat
1190 3455 1339 3526 absolutis,
1354 3455 1413 3514 vita

341 3567 345 3576 '
416 3565 532 3622 cesserit
545 3585 555 3634 ς
577 3565 612 3619 ed
623 3562 745 3640 grauior
764 3573 806 3618 est
820 3564 901 3619 Jums
914 3564 1026 3622 Dorour
1039 3560 1107 3617 item
1120 3560 1296 3614 Belluueusr's
1311 3576 1411 3636 casus,

417 3668 469 3743 qui
487 3667 620 3738 iuuenis,
647 3667 698 3741 qui
721 3665 951 3740 pestilentissimo
977 3663 1073 3719 morbi
1095 3680 1200 3737 genere
1221 3679 1276 3737 per
1301 3661 1414 3735 aliquot

416 3770 478 3826 dies
506 3781 650 3840 vexatus,
676 3768 730 3844 qui
761 3767 1011 3827 lucubrationibus
1039 3765 1070 3820 in
1104 3763 1246 3820 medicina
1279 3763 1413 3838 'pluribus

417 3873 535 3947 quidem
556 3871 711 3942 inchoatis,
733 3871 818 3928 nullis
837 3881 932 3927 autem
947 3868 1084 3925 absolutis
1106 3877 1175 3923 tunc
1193 3863 1277 3921 nobis
1297 3876 1414 3948 ereptus

416 3976 474 4046 sit,
503 3975 568 4032 cium
589 3975 711 4031 maxime
736 3975 829 4050 patria
854 3985 1050 4042 ornamento,
1072 3971 1241 4045 familiaeque
1264 3989 1320 4026 suae
1346 3969 1413 4026 usui

416 4079 532 4137 iuturus
544 4089 615 4133 erat.
628 4079 657 4133 Is
676 4077 752 4133 enim
765 4077 859 4151 primo
874 4076 904 4134 iu
918 4077 1062 4132 Patauino
1076 4074 1226 4152 gymnasio
1242 4072 1413 4130 medicinam
1466 4091 1470 4100 ’

415 4180 534 4260 ριύιίἰωὲΙ
550 4180 716 4256 professus,
736 4182 905 4238 Venetorum
922 4179 1026 4240 deinde
1047 4178 1195 4238 consulem
1214 4175 1413 4236 honestissima
