3186 5166
338 447 570 504 errsnsroauu
585 445 810 524 'lutsurcrraru
850 441 914 498 Lib.
936 443 975 499 11.
1117 431 1156 501 57

158 576 252 656 pratia
273 577 335 632 iton
356 593 423 631 eum
442 579 571 648 speraret
596 572 633 628 ad
656 571 858 628 Cardinolatur
884 571 994 645 apicem
1018 571 1049 626 in
1069 572 1156 630 horas

158 678 347 738 enehendum.
369 679 427 736 Sed
440 677 557 732 fortuna
574 675 615 731 illi
632 676 774 749 quosdam
792 686 985 749 opposuerat,
1004 676 1042 732 ad
1055 675 1156 733 eadem

158 782 336 859 aspirantes,
364 791 393 835 et
416 797 515 854 parem
544 797 610 834 cum
635 797 670 836 eo
700 777 798 852 gratiae
820 778 943 852 gradum
965 777 1156 850 affectantes,

157 887 264 962 qulbus
292 887 364 940 Leo·
383 881 516 956 quamuis
542 865 778 950 adblandiretur',
808 881 938 936 homines
972 891 1068 941 tamen
1096 899 1158 940 nou

157 1004 367 1063 usquequaque
387 984 555 1060 probabat,
582 983 662 1057 qubd
682 992 815 1057 patrem,
839 1001 948 1057 seque,
973 996 1001 1040 et
1015 984 1157 1041 ‘familiam

156 1111 239 1150 suam
258 1107 373 1147 omnem
396 1107 498 1144 eorum
517 1081 627 1142 insidiis
651 1087 827 1160 impetitam,
856 1098 885 1142 et
905 1088 1016 1163 magnis
1038 1089 1156 1144 calami-

157 1196 265 1252 tatibus
283 1193 418 1249 affectam
446 1190 669 1246 recordabatur..
691 1189 853 1245 Verebatur
876 1189 965 1265 igitur
992 1191 1046 1247 hos
1070 1193 1157 1250 sacris

156 1298 288 1374 patribus
308 1293 485 1362 admiscere,
508 1304 536 1350 et
558 1311 659 1348 eorum
679 1293 770 1362 vires,
792 1312 866 1366 quos
887 1293 984 1349 hostes
1002 1311 1157 1369 perpessus

157 1401 253 1456 fuerat
267 1440 276 1469 ,
297 1416 414 1474 augere.
428 1396 531 1470 Neque
544 1407 640 1451 tamen
653 1395 692 1450 illi
706 1393 766 1451 fere
779 1395 924 1471 integrum
940 1408 1002 1452 erat
1012 1399 1156 1454 loannem

155 1503 187 1558 in
210 1499 395 1560 Cordr'rtolem
415 1509 566 1573 cooptare,
587 1498 659 1572 quin
679 1508 707 1552 et
727 1515 777 1553 eos
797 1497 945 1555 affluitatis
965 1499 1081 1556 vinculo
1102 1501 1156 1557 sibi
1227 1495 1229 1500 ’

154 1603 273 1680 junctos
303 1602 481 1660 adscisceret.
510 1601 630 1658 Interim
660 1601 730 1656 dum
757 1601 843 1658 animi
867 1601 975 1676 pendet
999 1601 1155 1675 Pontifex,

156 1707 307 1784 repentino
329 1704 510 1780 intercipitur
531 1705 635 1760 morbo
664 1705 865 1774 Oricellorius‚
887 1705 969 1780 quod
989 1707 1052 1780 ejus
1077 1709 1156 1764 auxit

103 1811 104 1816 ’
155 1809 367 1880 υῐαωίῑιῑοηι,
397 1807 499 1864 eodem
518 1808 581 1882 ipso
603 1818 734 1880 tempore
758 1808 924 1881 Pontificius
953 1813 1058 1867 Orator
1077 1809 1157 1886 apud

155 1914 340 1972 Franciscum
364 1911 521 1968 Galliarum
547 1909 655 1984 Regem
684 1909 836 1967 infeliciter
861 1911 973 1986 agebat.
996 1915 1072 1970 Nam
1096 1919 1156 1970 Leo

106 2081 113 2098 ρ
155 2017 261 2091 Regem
282 2014 368 2071 armis
388 2013 588 2082 lacessiuerat,
610 2024 638 2068 et
656 2017 754 2087 Regno
776 2015 875 2070 Italiae
892 2013 1046 2087 dejecerat.
1068 2015 1157 2072 Adri-

153 2117 225 2181 ,dere
245 2137 313 2174 mox
337 2115 448 2174 Ioanni
467 2115 527 2170 visa
547 2134 610 2171 sors
635 2115 757 2185 melior,
786 2117 867 2189 quod
891 2117 971 2172 haud
997 2117 1038 2173 ita
1057 2119 1155 2176 multis

154 2234 223 2298 post
240 2221 392 2278 ,mensibus
414 2219 507 2275 Julius
530 2219 660 2276 Medices
686 2219 849 2274 Cordinolis
866 2220 971 2275 Leonis
990 2219 1080 2276 frater
1099 2195 1155 2296 fia-

154 2325 254 2382 'truelis
273 2325 476 2397 Pontificatum
497 2323 619 2396 adeptus
642 2331 693 2377 est.
716 2321 774 2391 Qui
795 2323 939 2378 loannem
965 2323 1060 2380 statim
1085 2322 1154 2380 moli

154 2425 324 2486 Hadrianus
343 2427 478 2502 praefecit.
502 2429 546 2482 Ita
566 2425 642 2482 enirn
668 2423 743 2480 soliti
766 2425 853 2480 Ponti
874 2444 921 2480 cer
942 2426 1069 2483 animum
1085 2443 1153 2502 erga

153 2549 234 2601 eum,
255 2548 341 2604 quem
362 2529 485 2604 plurime
508 2529 629 2584 facerint
652 2527 803 2598 indicare;
829 2545 897 2584 nam
921 2547 995 2603 quos
1020 2548 1053 2585 ea
1074 2549 1151 2604 prae·

152 2633 264 2690 fectura
279 2633 472 2702 honestarint,
489 2633 568 2688 nulla
586 2649 653 2688 mox
663 2643 780 2706 patrum
791 2632 988 2690 controversia
1003 2633 1033 2688 in
1050 2633 1152 2690 Cordi*
1167 2631 1175 2642 ⁸

152 2737 265 2805 nolam,
283 2731 334 2791 ubi
345 2735 483 2804 adlibuit,
501 2734 675 2792 adsciscunt.
693 2734 781 2805 Quod
794 2735 842 2790 vix
858 2753 987 2809 unquam
1004 2735 1059 2791 nisi
1069 2739 1149 2792 Pon-

151 2839 236 2911 a'fict's
261 2837 469 2894 interueniente
488 2837 571 2894 obitu
594 2831 692 2892 fallere
713 2835 805 2892 visum
827 2847 878 2892 est.
900 2837 954 2894 llic
972 2835 1061 2913 igitur
1084 2840 1150 2896 Ori*

99 2951 102 2958 ’
151 2925 297 3010 cellarius,
311 2940 380 2995 dum
392 2957 421 2994 se
437 2949 531 2995 totum
544 2940 704 2995 litterarum
716 2939 817 2995 studiis
829 2939 954 2995 restituit
961 2983 969 3010 ,
986 2951 1014 2997 et
1026 2940 1149 2997 fortunas

151 3041 269 3099 demum
283 3043 406 3100 fallacias
424 3043 580 3099 declinasse
592 3041 671 3099 haud
685 3043 792 3099 temeri
805 3041 859 3098 sibi
876 3044 1046 3117 persuadet,
1065 3046 1150 3102 dum-

151 3163 211 3219 que
225 3145 356 3202 Clemens
369 3141 405 3202 de
422 3163 503 3200 more
520 3145 648 3219 quodam
667 3163 720 3200 stro
734 3157 868 3201 contator
884 3148 1008 3203 ornandi
1025 3147 1149 3204 bominis

150 3248 229 3303 diem
255 3247 291 3303 de
323 3244 369 3304 dic
396 3243 483 3304 ducii.
522 3244 574 3302 Ille'
601 3247 630 3302 in
657 3247 866 3321 rapidissimam
893 3249 1010 3324 illapsus
1039 3250 1148 3306 febrem

152 3367 260 3424 magnae
282 3349 435 3405 doctorum
454 3347 516 3423 spei
535 3361 693 3424 praereptus
714 3344 765 3408 est.

157 3499 159 3504 .
202 3453 305 3526 Neque
325 3450 523 3527 indignusest
543 3455 588 3508 Jo.
608 3455 714 3509 Fusae.
736 3453 909 3524 flosorem,
930 3454 1053 3529 quibos
1073 3453 1303 3529 iuterJ,‚1r,.„„
1335 3467 1338 3476 ·

150 3553 246 3612 locum
260 3553 388 3611 obtineat
404 3573 505 3624 suum,
526 3567 554 3610 et
574 3555 705 3629 quamuis
725 3557 860 3612 Etruscos
879 3568 977 3613 tamen
997 3549 1231 3664 enumera-{W
1246 3547 1297 3595 Ro-

150 3667 248 3716 turum
262 3675 306 3712 me
319 3655 401 3711 initio
423 3657 642 3732 proposuerim,
658 3657 754 3714 ruenti
775 3669 871 3715 tamen
885 3659 1040 3718 similitudo
1058 3661 1146 3734 facit,
1172 3629 1249 3666 ereas.

149 3760 344 3830 sat-amicitia,
366 3779 429 3834 qua
452 3760 521 3818 mihi
536 3779 602 3816 cum
623 3777 658 3817 eo
674 3763 802 3820 Praesule
822 3763 1055 3837 conjunctissima
1073 3765 1145 3837 fuit,

149 3875 183 3919 ut
205 3864 268 3937 ejus
290 3863 411 3919 debeam
431 3863 602 3920 meminisse.-
612 3865 731 3922 iuuenis
748 3866 772 3921 is
793 3877 822 3922 et
837 3867 1013 3938 litteratura,
1037 3879 1065 3924 et
1084 3887 1146 3924 mo·

149 3966 246 4035 ribus,
268 3966 464 4022 etenobititate
486 3947 599 4043 generis
618 3967 736 4044 insignis
756 3971 895 4026 Bonom'oe
915 3972 1057 4045 primum,
1078 3991 1146 4027 mox

149 4067 418 4160 Perustizlitteris,
438 4081 467 4126 et
484 4067 640 4146 disciplinis
660 4071 774 4146 optimis
795 4072 889 4128 fuerat
909 4073 1069 4144 institutus,
1088 4093 1145 4148 qua

150 4169 224 4226 farna
246 4171 386 4247 impulsus
404 4175 497 4230 Julius
515 4175 659 4234 Secundus
677 4175 761 4230 Pom.
777 4177 864 4231 Mar.
888 4173 1074 4250 conjunctum
1093 4177 1146 4234 sibi

1011 4279 1029 4336 8
