3186 5166
373 433 605 487 erranaronuu
627 431 843 486 Iarrucrrerr.
885 432 949 488 Lib.
971 436 1011 490 11.
1147 428 1184 496 75

185 574 252 617 curu
276 555 343 612 inde
367 574 412 614 res
439 557 476 612 ad
499 555 662 630 aequitatem
687 556 775 612 animi
799 558 891 631 possit
914 560 1071 631 extollere,
1103 573 1131 618 et
1154 563 1185 618 in

185 677 289 734 magna
315 659 527 732 quantumlibet
557 659 709 728 maestitia,
726 671 767 729 ,et
797 680 894 716 rerum
929 663 1058 718 omnium
1084 664 1186 738 despe-

185 763 297 818 ratione
319 763 415 842 nullus
443 762 479 818 sit
504 761 641 818 leuationi
666 763 746 820 locus
770 805 779 832 ,
816 763 846 820 id
880 765 967 821 bodie
990 766 1183 840 quaeritamus.

186 867 305 920 Pomro.
331 865 426 938 Siquis
448 865 503 920 boc
528 884 563 921 ex
586 884 631 926 me
654 879 783 940 quaerat,
817 887 987 942 responsum
1008 887 1062 944 ego
1083 869 1186 926 faciam

187 969 416 1030 cumTcrentio.
436 967 530 1024 Facile
548 968 665 1042 quidem
688 987 741 1024 nos
764 970 828 1024 clim
848 971 993 1042 valemus,
1014 983 1092 1028 recta
1116 991 1186 1029 con·
1260 993 1262 996 ·

186 1068 249 1126 silia
275 1069 388 1144 aegrotis
409 1072 520 1126 damus.
543 1072 671 1126 Conrsa.
697 1074 736 1126 At
757 1072 780 1126 si
800 1072 874 1126 ratio
896 1091 930 1128 ea
950 1073 1005 1143 sit,
1024 1093 1112 1147 quam
1131 1095 1185 1130 ne-

186 1191 255 1248 gare
283 1192 370 1228 nemo
394 1173 503 1247 possit,
525 1190 623 1229 nonne
649 1173 806 1230 litteratum
826 1176 922 1250 potius
950 1176 1056 1232 rationi
1077 1179 1187 1251 paritu-

187 1285 273 1344 rum,
302 1276 390 1349 quam
410 1276 555 1350 impurum
585 1275 729 1349 aliquem,
758 1288 786 1332 et
811 1273 976 1352 imperitum
998 1278 1187 1354 opinaberis?

186 1370 307 1434 Porcio.
335 1378 410 1436 Sane
434 1379 562 1453 quidem.
588 1380 716 1438 Conrsn.
734 1382 787 1434 :At
810 1381 932 1436 obscero
957 1381 1121 1453 rideamus,
1148 1402 1186 1439 ae

187 1481 318 1540 Platonis
335 1480 428 1539 nostri
447 1493 590 1556 praecepta
612 1481 872 1556 transgrediamur,
894 1483 975 1558 prius
993 1485 1134 1568 quamde
1154 1505 1187 1542 re

188 1581 283 1638 dicere
306 1582 497 1658 incipiamus,
519 1583 624 1657 quibus
647 1583 774 1639 terminis
798 1584 994 1641 infelicitatem
1011 1587 1105 1662 ipsam
1127 1588 1186 1643 cir-

187 1683 370 1746 cumscribas.
403 1688 450 1742 An
473 1686 503 1742 id
530 1705 565 1742 ex
594 1688 768 1757 doctorum,
802 1699 889 1762 atque
917 1689 991 1744 adeo
1014 1690 1187 1764 sapientium

186 1788 350 1858 sententia,
379 1788 417 1845 an
452 1807 486 1844 ex
514 1789 594 1864 vulgi
618 1790 779 1864 opinione,
815 1809 853 1846 au
881 1791 979 1866 potius
1016 1809 1051 1848 ex
1081 1810 1183 1848 eornm

186 1890 314 1963 judicio,
337 1891 438 1965 quise
460 1892 501 1950 ita
522 1892 640 1949 affectos
664 1893 827 1967 deplorent.
849 1894 942 1949 Multa
959 1895 1102 1969 siquidem
1121 1915 1186 1952 eru·

187 1975 343 2070 ditis'viris
367 1993 491 2050 infelicia
518 1994 740 2065 existimantur,
767 1979 830 2068 quae
850 1994 975 2071 imperiti
1004 1997 1082 2052 omni
1106 2009 1187 2053 ante-

186 2108 301 2169 ponunt
319 2097 487 2167 beatudini,
508 2085 598 2152 multa
619 2098 783 2168 damnant,
805 2110 834 2154 et
856 2097 982 2154 ludibrio
1000 2099 1108 2154 babent
1134 2100 1188 2155 im·
1256 2155 1263 2166 ,

187 2198 294 2272 periti,
321 2218 384 2272 quae
405 2200 546 2274 sapientes
571 2201 616 2254 vel
636 2218 696 2254 non
720 2201 794 2256 mala
822 2201 1006 2271 existimant,
1034 2203 1079 2257 vel
1101 2203 1185 2258 etiam

187 2301 225 2355 ad
249 2301 484 2374 tranquillitatem
504 2301 591 2356 animi
615 2302 709 2357 facere
731 2302 896 2376 praedicant.
928 2304 1046 2377 Ipsimet
1071 2306 1187 2370 demum

187 2414 309 2474 nostro,
330 2405 366 2459 de
383 2403 487 2474 nobis,
509 2405 603 2478 deque
624 2423 721 2464 rerum
738 2416 903 2460 nostrarum
920 2406 1031 2480 judicio
1051 2393 1185 2478 fallimur,

186 2526 281 2580 neque
304 2525 401 2565 veram
419 2508 589 2581 plerumque
608 2507 749 2564 rationem
767 2509 1007 2578 internoscimus,
1028 2528 1186 2584 perquam

187 2609 224 2664 ad
247 2609 418 2666 infelicitatis
439 2610 609 2666 declinanda
627 2611 811 2670 incommoda
830 2611 886 2666 iter
907 2611 1118 2687 aggrediamur.
1140 2616 1187 2670 Ita

183 2729 285 2772 sumus
294 2731 409 2784 omnes,
423 2714 494 2787 quid
503 2725 633 2788 petamus
646 2713 732 2788 nescij
743 2755 751 2784 ,
763 2726 796 2770 ut
808 2715 957 2770 assertoris
968 2715 1061 2770 nostri
1076 2717 1185 2772 dictum

178 2813 298 2874 interim
310 2835 491 2892 usurpemus.
503 2821 550 2876 An
561 2837 621 2873 uon
635 2818 729 2874 dicere
739 2819 832 2874 solent
843 2836 952 2893 magnae
962 2818 1106 2892 sapientire
1119 2819 1183 2888 viri,

186 2920 251 2974 clun
265 2938 319 2975 nos
339 2931 452 2975 armant
465 2919 644 2976 fortitudine.
661 2923 855 2995 Quaecumque
876 2922 921 2976 vel
936 2932 1025 2989 sunt,
1047 2921 1092 2976 vel
1113 2921 1187 2977 accl-

178 3022 254 3076 dere
273 3032 416 3096 possunt,
446 3023 491 3077 vel
512 3033 561 3078 tua
583 3035 668 3091 sunt,
695 3025 740 3078 vel
760 3024 846 3079 alieni
863 3024 961 3096 juris?
987 3027 1049 3080 Tua
1070 3005 1112 3079 est
1132 3043 1185 3078 vo-

185 3125 280 3180 luntas
301 3126 374 3192 sola,
395 3123 506 3197 reliqua
527 3125 623 3182 omnia
643 3126 749 3190 aliena,
770 3127 895 3183 honores
916 3127 1040 3202 quippe,
1062 3127 1199 3208 diuitiae,¹

185 3227 342 3296 valetudo,
373 3226 470 3296 fama,
502 3227 637 3296 lucrum,
670 3239 697 3283 et
723 3229 778 3286 alia
803 3249 865 3302 quae
891 3229 1055 3284 mortalium
1075 3241 1183 3284 mentes

184 3328 297 3384 assidue
320 3327 453 3384 sollicitas
475 3329 591 3384 liabent.
617 3333 687 3399 Quae
713 3330 800 3403 igitur
822 3330 1023 3400 alienamur,
1049 3331 1119 3386 nihil
1145 3332 1182 3389 ad

185 3442 233 3500 te,
255 3431 410 3486 nonenim
434 3430 464 3485 in
486 3443 629 3504 potestate
651 3443 700 3488 tua
723 3444 809 3502 sunt,
832 3433 950 3488 sedvel
975 3433 1181 3516 apudflDeum,

184 3534 229 3589 rel
248 3533 327 3608 apud
346 3534 476 3592 homines
498 3535 661 3604 habentur,
685 3535 736 3609 qui
755 3535 779 3590 si
800 3535 871 3610 quid
892 3554 1017 3607 eorum,
1030 3555 1093 3610 quae
1111 3556 1183 3598 con·
1203 3527 1205 3533 ⁸

99 3643 101 3648 '
184 3636 327 3711 cupieris,
356 3637 506 3709 inuideant
534 3638 607 3706 tibi,
636 3639 682 3694 vel
712 3658 774 3712 quae
799 3639 946 3713 possidere
971 3639 1178 3720 arbitrabaris,

143 3727 145 3732 ⁸
181 3739 335 3810 adimant,
369 3751 451 3795 tuum
482 3753 524 3798 est
552 3742 613 3805 siue
637 3743 706 3798 velis
733 3742 853 3813 dolere,
883 3743 943 3798 siue
976 3742 1059 3811 nolis.
1089 3745 1180 3817 Atqui

183 3842 283 3899 dolere
299 3845 370 3898 velle
391 3844 428 3901 de
453 3843 506 3918 ijs,
529 3863 592 3919 quae
614 3844 644 3902 in
670 3847 762 3901 aliena
784 3857 850 3900 sunt
876 3857 1038 3920 potestate,
1067 3845 1180 3903 sibimet
1207 3919 1217 3939 Α

182 3947 289 4002 inferre
303 3959 346 4003 eet
358 3947 494 4020 injuriam
509 3967 518 4017 3
536 3966 595 4002 non
613 3948 700 4024 igitur
718 3935 835 4020 infern,
858 3949 912 4004 aa
926 3948 977 4022 qur
989 3967 1019 4004 se
1036 3949 1178 4004 infelicem

182 4069 243 4107 esse
275 4053 356 4122 vult,
387 4063 416 4106 et
447 4071 510 4126 quae
537 4053 660 4126 plurima
687 4053 718 4108 in
750 4053 823 4108 banc
852 4052 1021 4108 sententiam
1050 4053 1177 4127 disputat

182 4154 339 4228 Epictetus.
362 4137 470 4212 Coaor.
497 4155 607 4230 Argute
630 4156 765 4230 quidem,
789 4167 822 4212 ut
846 4158 935 4228 soles,
960 4175 1022 4212 rem
1041 4156 1078 4212 ad
1098 4155 1179 4230 Peri«
