3202 5168
429 406 467 473 ll
678 421 801 475 loturus
822 420 918 493 Prnrnj
940 424 1116 496 thunranr,
1139 447 1175 484 nr

427 546 683 620 quach'spanr',
717 541 905 624 Gerrmrne'qnc
927 554 1049 608 Boream
1075 553 1185 612 insidiis
1209 569 1419 630 oecupasscnt‚

425 650 692 728 urbemi-cesserat,
713 653 1036 730 aerunmosissimamque
1053 656 1130 714 illam
1149 659 1336 714 calamitatem
1351 677 1420 716 casu
1460 697 1470 724 -,

425 751 605 820 cuitauerat,
628 755 759 828 beneque
779 774 874 830 secum
893 767 987 812 actum
1013 759 1227 830 arbitrabatur,
1251 763 1419 836 qubdlicet

424 854 565 939 fortunas.
579 874 654 928 suas¹
670 857 768 912 om'nes
794 857 943 932 dissipatas
969 859 1158 936 intelligeret,
1184 850 1299 920 illarum
1322 876 1418 920 tamen

422 957 600 1035 miseriarum
621 971 765 1033 spectator
788 980 847 1015 non
865 961 1016 1032 affuisset,
1052 976 1080 1019 et
1101 963 1131 1018 in
1151 966 1327 1021 atrocissima
1350 986 1419 1040 cap-
1489 1027 1492 1034 ,

423 1059 542 1116 tinitatis
563 1046 746 1118 incommoda
766 1082 826 1118 non
843 1063 996 1121 incidisset.
1011 1065 1066 1120 Vix
1087 1077 1182 1121 tamen
1201 1086 1279 1123 anno
1298 1070 1418 1142 elapso,

422 1163 487 1218 otim
508 1163 545 1218 ad
571 1152 674 1220 urbem
694 1175 819 1220 veterem
846 1167 985 1238 Pontistce
1007 1168 1141 1223 Maximo
1165 1171 1221 1224 iam
1248 1189 1283 1226 ex
1305 1173 1417 1246 Hispa·
1493 1243 1496 1248 .

421 1281 521 1322 noram
542 1266 707 1340 captiuitate
732 1268 828 1340 elapso
851 1269 887 1348 ad
908 1267 1001 1324 officia
1020 1269 1173 1340 rediisset,
1199 1273 1300 1327 missus
1320 1273 1358 1327 ab
1380 1291 1422 1346 eo.

421 1370 459 1424 ad
479 1371 622 1442 loannem
644 1353 804 1444 Baptatam
827 1371 987 1447 Sabellam,
1015 1383 1048 1426 ut
1072 1373 1229 1449 discordias
1253 1375 1327 1430 inter
1350 1393 1420 1446 eum¹
1492 1431 1498 1443 ,

421 1483 450 1526 ot
475 1472 636 1528 Coesarinos
655 1475 756 1548 Rornae
774 1455 908 1529 Proceres
932 1475 998 1529 alirn
1022 1476 1139 1531 obortas
1160 1489 1358 1552 conponeret,
1383 1496 1418 1534 re

420 1561 570 1643 confecta,
595 1555 813 1649 commeatuque
834 1577 871 1631 ab
889 1589 928 1632 'eo
948 1557 1065 1652 accepto
1088 1579 1242 1653 Principe,
1262 1579 1358 1634 medio
1382 1580 1414 1634 in
1496 1631 1501 1638 .

419 1675 521 1732 itinere
540 1677 580 1732 ita
603 1677 738 1747 euanuit,
766 1689 800 1732 ut
823 1697 917 1752 neque
937 1679 1017 1749 eius,
1040 1699 1134 1754 neque
1158 1681 1294 1737 comitum
1316 1681 1414 1750 fama,

419 1779 574 1854 nuntiusue
598 1780 674 1834 ullus
688 1798 827 1860 :unquam
847 1781 967 1854 amplius
989 1784 1163 1856 apparuerit.
1238 1838 1243 1843 ,

297 1897 409 1946 mnne,
459 1883 616 1937 immatura
637 1884 706 1937 verb
725 1885 848 1938 loturus
867 1885 1023 1954 Fntncrscr
1044 1887 1149 1958 Funnrj
1170 1886 1224 1940 viri
1241 1887 1416 1942 Mutinensis

263 1963 410 2012 Ιῆἀιισὶεοιιε
1070 1967 1071 1971 ’

264 2029 380 2084 mmm&
421 1984 526 2042 sodalis
548 1986 639 2054 nostri
660 1986 854 2041 iucundissimi
878 2005 956 2041 mors
984 1999 1096 2060 quantae
1123 1988 1253 2044 litteratis
1279 1989 1419 2044 omnibns.

421 2087 568 2149 acerbitati
590 2087 666 2143 fuit?
690 2090 760 2142 Erat
783 2089 808 2145 is
834 2088 946 2146 iuuenis
969 2086 1173 2164 Philosophiae,
1190 2091 1411 2174 scientissimus,

420 2209 488 2250 mox
513 2201 542 2244 ct
563 2193 696 2260 Graecas,
721 2201 748 2246 et
768 2191 893 2246 Latinas
919 2191 1066 2264 politiores
1089 2192 1196 2248 litteras
1219 2193 1413 2250 seuerioribus

420 2293 474 2348 illis
493 2293 593 2348 studiis
612 2293 798 2362 adiunxerat,
817 2295 931 2349 adhaec
951 2295 1082 2368 gerendis
1099 2295 1186 2352 rebus
1206 2314 1266 2351 nou
1283 2296 1411 2370 ineptus,

423 2396 579 2452 Clarissimi
600 2397 738 2477 Principis
760 2399 888 2472 Hemalis
908 2400 1052 2470 Consagae
1078 2399 1239 2454 cardinalis
1254 2401 1415 2456 Mantuani
1483 2459 1486 2464 ,

420 2497 539 2553 domum
560 2498 724 2557 uniuersam
745 2499 926 2574 integerrime
946 2499 1078 2575 regebat,
1099 2512 1236 2574 tantoque
1256 2501 1298 2555 illi
1316 2503 1417 2575 splen-,
1497 2557 1508 2568 ,

421 2599 487 2660 dori
506 2611 586 2668 erat,
613 2612 666 2670 ut,
692 2603 757 2656 ciam
782 2603 872 2658 multa
897 2613 1012 2671 essent,
1040 2622 1103 2677 quac
1127 2606 1275 2672 Herculeae
1299 2622 1411 2660 summo

421 2720 508 2776 opere
526 2703 776 2772 commendarent,
801 2723 836 2759 er
858 2706 935 2759 nulla
954 2716 1050 2760 tamen
1071 2723 1102 2761 re
1119 2706 1329 2778 propemodirm
1350 2725 1418 2768 ma-,

418 2804 510 2860 iorem
530 2816 753 2882 consequeretur
773 2806 922 2876 adoream,
942 2807 1029 2880 quam
1046 2808 1126 2880 quod
1140 2808 1276 2864 Furnium
1294 2808 1412 2882 seligere

421 2907 557 2976 uouisset,
573 2907 623 2980 qui
639 2919 667 2962 et
681 2909 919 2979 adolescentiam,
936 2922 965 2965 ct
982 2929 1027 2966 res
1044 2929 1108 2967 snas
1125 2930 1223 2968 ornnes
1237 2923 1295 2967 tam
1307 2913 1414 2981 sancte,

420 3021 536 3082 tamque
559 3011 701 3084 sapienter
723 3012 931 3068 moderaretur.
956 3016 985 3069 Is
1008 3024 1103 3074 autem
1126 3015 1308 3070 Cardinalcm
1328 3033 1413 3070 suum
1492 3025 1496 3030 ’

420 3125 553 3182 secutus,
576 3114 626 3186 qni
648 3133 676 3168 se
701 3115 737 3170 ad
750 3114 916 3171 Pontificem
939 3134 973 3170 ex
988 3115 1114 3172 hostium
1137 3115 1268 3171 manibus
1284 3117 1413 3189 elapsum
1450 3177 1456 3184 ,

420 3215 507 3288 oflicij
531 3234 616 3278 eausa
635 3217 814 3295 contulerat,
834 3218 907 3286 urbe
929 3217 1020 3272 veteri
1042 3218 1072 3272 in
1094 3217 1290 3291 grauissimam
1312 3217 1413 3274 incidit

419 3319 622 3388 valetudinem,
647 3338 705 3393 qua
726 3318 810 3378 breui
831 3330 1016 3391 consumptus
1034 3320 1136 3373 urbem
1158 3337 1221 3373 eam
1244 3330 1302 3374 tam
1320 3320 1415 3374 excel-

419 3422 501 3482 lentis
523 3422 636 3484 iuuenis
660 3435 753 3487 morte
778 3411 911 3478 infamem
933 3422 1008 3477 fecit.
1038 3422 1125 3492 Quod
1145 3423 1214 3476 verb
1235 3422 1322 3495 pauli)
1345 3432 1414 3476 ante

419 3525 583 3580 dicebamus
601 3525 765 3580 uniuersam
790 3525 983 3581 Tardolorum
1003 3523 1137 3578 familiam
1156 3541 1285 3582 euersam
1295 3565 1305 3591 ,
1331 3523 1413 3596 quod

418 3639 501 3701 pater
517 3628 575 3682 una
596 3629 661 3684 ciam
682 3626 746 3683 filiis
763 3626 921 3682 litterarum
942 3617 1042 3682 studiis
1063 3626 1196 3692 oblectati
1220 3637 1332 3693 essent,
1352 3644 1413 3680 mo-

418 3719 532 3796 minissc
553 3729 668 3786 alterius
688 3729 773 3797 fecit,
798 3748 860 3801 qnae
883 3747 942 3784 non
966 3728 1071 3783 minori
1091 3729 1174 3783 clade
1194 3727 1299 3788 afflicta
1319 3739 1370 3783 est.

264 3842 402 3894 Dcnreerins
431 3887 435 3898 ,
457 3835 630 3886 Drnnrnrus
655 3831 729 3885 enim
752 3833 989 3898 Caluconnrnns,
1012 3830 1058 3884 cui
1081 3833 1191 3889 Gt'oecoe
1206 3831 1309 3886 -litterae
1330 3841 1413 3885 aetate

265 3908 392 3958 Chalcen-

262 3975 324 4032 (ἤια
418 3945 517 3990 nostra
550 3936 587 3988 ab
614 3934 733 3991 interitu
769 3934 984 4005 quodammodo
1016 3933 1185 4001 uindicata,
1222 3932 1302 4006 quod
1334 3951 1416 3988 nunc

418 4037 552 4110 vigeant,
577 4036 681 4091 dcbere
711 4037 872 4104 fateantur,
903 4046 975 4108 quot
1000 4053 1190 4090 aerumnarum
1217 4034 1327 4090 cuentis
1354 4054 1411 4118 op-

417 4157 532 4213 pressus
552 4137 739 4200 miserabilem
764 4156 875 4210 semper
900 4137 986 4191 vitam
1008 4136 1089 4211 egit?
1110 4139 1209 4211 thue
1229 4138 1361 4207 exilium,
1383 4148 1422 4208 et·
