3202 5168
413 421 453 486 36
658 424 780 484 Joars‘ms
800 425 895 501 Pmmj
918 430 1098 498 Virunum,
1119 445 1157 486 att
1197 431 1219 450 ''

406 557 503 632 'pitem
520 555 612 611 dedit.-
624 555 733 610 Felellit
753 555 885 609 iuuenem
906 555 1028 611 altitudo
1050 575 1151 630 aquae,
1172 574 1236 629 quae
1256 551 1304 610 vix'
1320 553 1405 610 esini·-

407 660 518 735 'pedem
543 659 736 733 adsurgebat,
770 675 892 730 eumque
924 677 983 712 non
1008 658 1112 713 idonea
1138 659 1175 713 ad
1203 657 1404 713 suffocandum

415 772 506 830 esset,
522 761 538 816 ti
553 761 771 834 superueniente
786 759 912 827 satnulo,
931 759 981 832 qui
999 761 1094 815 statim
1108 760 1275 815 subsecutus
1291 761 1405 828 fuerat,

416 884 449 920 ex
482 883 516 919 ea
534 863 724 919 ‘volutatione
754 843 900 936 exemptus
932 873 982 917 est.
1016 863 1211 916 Reuertuntur
1242 863 1405 937 vespertino

416 969 555 1035 demum,
575 983 738 1040 magnoque
760 965 874 1020 interim
894 983 1012 1019 accenso
1035 964 1118 1038 igne,
1141 964 1211 1018 dum
1230 983 1330 1021 seruus
1349 966 1406 1020 buc

416 1071 483 1128 illue
505 1068 677 1138 dimittitur,
702 1069 880 1142 satagitque,
903 1067 1016 1122 Priulus
1036 1078 1185 1139 tempere,
1206 1086 1266 1140 quo
1292 1086 1407 1124 setarum

417 1181 477 1227 non
501 1172 599 1227 adesse
621 1172 762 1244 putabat,
788 1171 961 1239 obseruate,
983 1170 1129 1244 inignem
1151 1187 1179 1224 se
1204 1169 1408 1243 superinjecit,

418 1269 456 1330 ad
479 1273 629 1348 strepitum
652 1273 773 1328 recurrit
796 1291 913 1340 seruus,
940 1271 1119 1344 sollicitoque
1141 1272 1235 1326 studio
1260 1273 1408 1328 dominum

420 1377 551 1442 sustollit.
573 1379 714 1432 Causatur
729 1375 769 1429 illi
791 1393 947 1429 neruorum
964 1373 1132 1443 infirmitas,
1152 1386 1180 1428 et
1195 1375 1312 1447 quidam
1328 1375 1410 1448 quasi

421 1473 540 1552 stupor,
568 1497 654 1551 quem
685 1496 719 1532 ex
743 1477 824 1549 lapsu
850 1476 879 1530 in
905 1495 1008 1550 aquam
1031 1477 1181 1536 contraxit.
1211 1479 1317 1533 Seruus
1340 1477 1410 1531 nihil

409 1576 619 1636 ‘cunctandum
633 1591 712 1634 ratus
727 1579 822 1635 omnia
835 1579 894 1634 baec
912 1580 996 1651 Gyrio
1013 1578 1171 1634 renunciat.
1186 1578 1410 1636 custodiendum

423 1683 575 1757 diligenter
602 1683 702 1754 Gysius
724 1682 867 1754 imperat,
901 1681 1003 1736 leniter
1031 1693 1126 1736 tamen
1155 1682 1341 1751 babendum,
1374 1700 1410 1736 ne

422 1784 505 1840 furor
528 1796 720 1858 exasperetur.
751 1785 865 1840 Adsunt
888 1784 975 1858 igitur
999 1785 1130 1840 custodes
1152 1785 1207 1840 sub
1228 1785 1412 1853 colludendi,

423 1887 684 1960 confabulandique
706 1886 817 1959 speeie,
845 1898 1118 1959 summoneaturque
1143 1886 1191 1941 illa
1214 1886 1327 1956 omnia,
1349 1905 1412 1960 quas

424 1989 558 2044 saeuiendi
579 1989 756 2045 occasionem
774 1988 902 2062 praebere
923 1999 1072 2062 poterant;
1087 1988 1133 2042 ille
1152 1999 1246 2042 tamen
1264 1999 1413 2061 expectato

424 2100 572 2166 tempore,
604 2111 663 2164 quo
688 2091 794 2146 furoris
818 2091 861 2145 sui
884 2091 1068 2163 suspitionem
1100 2109 1209 2145 cessare
1229 2090 1412 2146 animaduer-

425 2206 515 2263 terat,
535 2213 621 2267 seque
640 2194 697 2258 iam
717 2193 906 2268 negligentius
921 2191 1081 2270 ¹custodiri,
1103 2193 1247 2248 stabulum
1270 2169 1414 2266 ingressus

426 2296 507 2370 quasi
525 2298 631 2350 mulam
645 2296 758 2351 visurus
774 2313 854 2352 suam
864 2335 872 2364 ,
893 2293 991 2368 ibique
1009 2295 1088 2348 nullo
1107 2295 1260 2353 custodum
1280 2294 1413 2364 inuento,

426 2399 559 2456 coniectis
578 2399 607 2452 in
623 2399 761 2471 parietem
774 2398 863 2453 oculis
882 2395 1036 2454 acutissimi
1051 2398 1195 2452 mucronis
1215 2398 1320 2470 stylum
1333 2416 1415 2452 cous-

426 2500 515 2574 pieit,
542 2517 634 2572 eoque
655 2500 750 2555 statim
767 2510 884 2573 arrepto
904 2499 993 2553 aciem
1012 2497 1042 2552 iu
1064 2510 1164 2572 guttur
1188 2499 1250 2573 ipse
1272 2517 1356 2554 suum
1371 2499 1416 2553 di-

426 2601 513 2675 rigit,
532 2619 619 2674 seque
639 2611 748 2674 quanto
768 2611 863 2673 potest
886 2611 992 2654 conatu
1010 2599 1154 2674 singulare
1174 2601 1329 2656 contendit.
1345 2600 1417 2656 Dili-

428 2701 607 2776 gentissimus
639 2702 699 2756 eius
728 2701 871 2769 famulus,
905 2701 955 2774 qui
984 2701 1121 2776 negotioli
1151 2721 1236 2757 causa
1269 2704 1416 2777 ablegatus

429 2805 540 2873 luerat,
566 2804 615 2860 ubi
640 2803 676 2858 ad
697 2803 840 2858 stabulum
861 2802 1038 2857 descendisse
1063 2803 1211 2858 dominum
1232 2805 1360 2878 accepit,
1381 2823 1417 2859 eo

428 2907 564 2980 praecepti
582 2926 666 2962 cursu
687 2909 863 2981 prouolans,
877 2905 954 2960 videt
966 2906 1042 2959 hunc
1056 2906 1250 2961 crudelissimo
1265 2926 1299 2962 eo
1313 2917 1418 2962 conatu

431 3009 484 3064 sibi
504 3028 604 3063 manus
623 3009 765 3078 iniecisse,
787 3009 873 3064 insilit
891 3008 986 3064 statim
1006 3008 1035 3062 in
1053 3009 1112 3064 eius
1126 3008 1292 3077 brachium,
1315 3009 1419 3082 derep-

431 3123 520 3185 toque
542 3113 630 3184 stylo,
655 3116 749 3183 eoq'ue
767 3114 868 3185 procul
886 3111 1018 3179 abiecto,
1039 3121 1072 3164 ut
1091 3110 1252 3165 valentibus
1271 3121 1332 3164 erat
1350 3109 1419 3164 viri-

430 3216 503 3281 bus,
522 3213 648 3267 medium
668 3213 880 3285 complectitur,
906 3224 1130 3286 contentumque
1156 3212 1234 3267 laras
1254 3212 1361 3281 trahit,
1389 3221 1420 3266 et

432 3315 461 3370 in
478 3315 614 3370 conclaue
630 3314 771 3388 perducit.
792 3316 955 3376 Colloeatur
972 3314 1017 3368 hic
1034 3313 1065 3367 in
1086 3315 1160 3368 lecto
1179 3295 1310 3381 Priulns,
1323 3331 1419 3368 arces·

411 3430 535 3474 suatur
556 3418 682 3486 rlledc’ct‘,
713 3429 832 3473 curatur
856 3417 1016 3491 diligenter.
1048 3419 1184 3488 Nunqam
1206 3415 1273 3469 inde
1294 3414 1419 3470 abscedit

434 3522 556 3593 GJsius‚
585 3519 656 3594 quin
680 3520 805 3594 aliquem
830 3519 846 3574 e
874 3519 1047 3593 primoribus
1080 3517 1176 3576 amicis
1205 3517 1421 3573 obseruaterem

431 3623 592 3697 relinquat,
617 3641 653 3677 ne
677 3622 747 3696 quid
772 3621 796 3676 is
816 3621 935 3676 ulterius
955 3621 1127 3694 ineptiarum
1153 3619 1267 3678 faceret.
1297 3619 1420 3675 Simula-

431 3737 514 3787 uerat
535 3725 640 3780 iterum
659 3728 771 3782 Patulus
791 3724 1036 3799 resipiscentiam,
1057 3735 1085 3778 et
1107 3721 1216 3795 alioqui
1236 3721 1310 3776 mori
1331 3719 1421 3776 desti-

432 3839 533 3897 natus,
560 3828 643 3884 hilari
662 3846 761 3883 omues
781 3821 969 3900 compellabat
992 3825 1088 3880 fronte
1107 3825 1250 3885 dictorum
1266 3823 1423 3878 factorum·

430 3949 489 4004 que
509 3948 619 3990 memor
640 3930 711 3989 nulli
742 3931 778 3986 de
802 3930 911 3986 insania
936 3948 987 3985 sua
1007 3927 1197 4001 suspicionem
1220 3927 1266 3980 vel
1287 3925 1424 3980 ninimam

432 4013 620 4112 relinquebat.
658 4034 723 4090 Jam
746 4034 849 4090 vulnus
880 4031 1028 4100 coluerat,
1058 4030 1115 4085 iant
1149 4029 1285 4102 surgebat
1310 4028 1326 4082 ὲ
1349 4028 1424 4080 lecto

431 4133 519 4205 liber,
545 4133 601 4194 lant
621 4134 759 4209 ludebat,
784 4134 840 4192 iam
859 4153 925 4191 cum
945 4133 1079 4189 omuibus
1103 4129 1283 4190 tesuutssimt
1306 4128 1423 4189 iocaba-
