3186 5166
455 377 495 444 72
519 449 521 456 ¹
701 385 823 439 laturis
842 378 940 454 Prunrj
962 383 1138 450 Venantum,
1162 397 1200 437 nu
1268 431 1273 442 ,

450 510 529 586 adab
550 508 738 580 tenacitatis,
768 518 802 565 ut
831 506 990 564 niseum
1011 517 1118 579 ,omnes
1148 504 1229 564 dorni
1255 504 1457 564 lmus-mace«

455 623 551 683 raret,
573 629 632 686 quo
654 610 840 690 monum
860 610 956 683 rusti
973 610 1059 667 etiam
1075 607 1125 684 lilij
1149 609 1255 684 reliqui
1273 622 1331 667 tam
1348 611 1454 686 pueri,

456 715 543 790 quam
569 714 763 770 adolescentes
797 712 889 772 coacti
910 712 1074 770 vocationes
1090 711 1133 767 in
1146 755 1150 768 ..
1164 711 1258 770 miniis
1275 713 1453 788 quaesitore,

456 831 485 875 et
517 817 534 873 i
564 817 716 872 clientibus
751 814 848 872 cibum
873 797 1072 887 emendicare,
1105 815 1142 872 eb
1174 833 1275 873 omues
1305 815 1452 892 prolapsi,

455 931 489 976 nt
524 938 560 991 ex
593 919 689 975 inedia
721 918 820 987 domi,
859 928 889 974 et
903 917 1072 974 ,voracitate
1104 917 1204 991 soris,
1240 919 1365 975 duorum
1395 917 1454 984 ¹rix

455 1040 599 1100 annorum
623 1021 715 1097 spatio
735 1020 863 1096 quinque
887 1038 1028 1090 nmuero,
1053 1018 1090 1076 ad
1111 1021 1250 1095 optimam
1269 1038 1368 1086 omnes
1388 1020 1453 1077 fru-
1529 1063 1532 1068 .

456 1141 554 1204 gem,
572 1123 628 1180 nisi
655 1134 738 1199 pater
765 1121 944 1193 obstitisset,
976 1122 1144 1197 peruenturi
1175 1124 1328 1180 immatura
1356 1135 1453 1180 morte

455 1214 595 1302 praebenti
614 1224 733 1282 domum
754 1224 924 1299 reliquerint
941 1223 1104 1296 solitariam.
1121 1224 1200 1296 Quin
1220 1225 1358 1300 proximis
1371 1225 1453 1282 hisce

455 1329 556 1385 diebus
580 1338 794 1384 nnus.·tautnm
817 1325 860 1381 illi
886 1325 1012 1401 reliquus
1025 1336 1100 1382 erat
1128 1325 1223 1396 lilius,
1252 1345 1339 1402 quem
1364 1328 1454 1400 uobi-

455 1431 566 1507 tissima
595 1429 712 1494 laminae
734 1426 918 1484 matrimonio
941 1429 1121 1502 copularat,
1145 1445 1240 1504 neque
1267 1439 1364 1488 tantm
1389 1440 1454 1489 tan

455 1533 600 1607 locuples,
623 1541 739 1604 tamque
760 1541 923 1586 nummatus
944 1541 1027 1605 pater
1051 1530 1194 1586 tantillum
1217 1531 1253 1587 de
1274 1532 1454 1606 patrimonio

455 1633 648 1709 conjugibus,
672 1633 703 1688 in
732 1632 836 1706 quibus
861 1631 953 1690 omnis
976 1631 1151 1706 posteritatis
1173 1652 1229 1690 sure
1252 1651 1316 1709 spes
1337 1633 1453 1692 mcum-

453 1738 560 1806 bebat,
583 1736 723 1791 utendum
746 1733 949 1810 permittebat,
969 1744 1110 1808 quantum
1131 1733 1315 1807 adrictum,
1338 1747 1366 1792 et
1385 1755 1453 1808 ves-

454 1839 559 1909 titum;
585 1855 681 1913 neque
702 1848 797 1892 tamen
824 1835 961 1906 nimium,
989 1834 1131 1892 sufficeret
1143 1876 1153 1907 ,
1176 1835 1218 1898 ita
1242 1836 1289 1914 bic
1311 1857 1452 1914 quoque,

454 1942 520 1998 edm
546 1951 701 1996 extremam
729 1937 819 2014 patris
845 1937 981 1996 duritiam
1010 1936 1087 1994 ferre
1114 1953 1176 1993 non
1201 1950 1322 2012 posset,
1350 1943 1454 1998 Saona

429 2115 432 2120 1
454 2025 618 2120 digressus,
648 2041 700 2097 nbi
724 2041 789 2097 cum
806 2050 898 2114 ‚Palm
918 2037 1087 2110 habitabat,
1115 2043 1236 2097 Romam
1258 2041 1329 2097 abiit
1351 2061 1454 2102 neces

427 2145 528 2221 *saria
543 2145 611 2202 ,sibi
637 2162 690 2219 per
723 2143 849 2217 aliquam
877 2140 1047 2197 industriam
1078 2153 1321 2218 comparaturus,
1340 2146 1453 2219 vixque

453 2248 589 2325 vigesimo
613 2257 769 2321 postquam
796 2245 854 2299 hnc
881 2243 1033 2318 appulerat
1060 2243 1130 2316 die,
1154 2247 1247 2317 Roma
1272 2247 1291 2304 a
1316 2247 1452 2306 barbaris

454 2362 558 2425 capta,
585 2349 714 2424 direpta,
735 2347 911 2421 incensaque
934 2345 1010 2417 linit,
1031 2345 1150 2422 ipseque
1169 2348 1201 2404 in
1224 2366 1259 2405 ea
1285 2350 1452 2425 depopula-

453 2454 531 2509 tione
553 2451 751 2521 desideratus,
777 2449 907 2524 ingentes
928 2447 990 2506 illas
1013 2448 1128 2506 diuitias
1150 2450 1228 2526 patri
1245 2452 1452 2517 custodiendas

453 2553 615 2630 dereliquit.
638 2555 706 2610 Non
728 2550 854 2608 reticebo
873 2549 1107 2626 incomparabile,
1121 2550 1241 2611 feritatis
1261 2556 1450 2630 exemplum,

454 2658 519 2714 cium
545 2666 611 2730 post
641 2654 770 2728 quinque
796 2653 858 2710 lere
884 2654 1050 2710 continuata
1072 2652 1199 2720 filiorum
1221 2655 1325 2714 funera
1343 2659 1451 2732 Bargo-

453 2762 560 2815 lomeus
580 2759 731 2814 Camillam
749 2756 867 2831 egregiae
887 2755 1023 2811 bonitatis
1041 2773 1179 2827 morem,
1199 2757 1292 2815 scires
1305 2759 1450 2828 laminam

453 2879 489 2917 ex
511 2862 629 2918 Carreta
650 2858 756 2914 familia
772 2847 888 2927 natam,
911 2857 948 2913 de
970 2855 1094 2912 liliorum
1114 2859 1237 2916 orbitate
1259 2859 1449 2926 insolabiliter

453 2980 514 3020 sese
545 2962 744 3036 deplorantem
773 2958 916 3024 consolari
941 2960 1062 3030 vellet,
1079 2960 1184 3018 dixisse
1208 2979 1285 3020 eum:
1311 2962 1399 3034 Quin.
1412 2974 1447 3024 tu

452 3065 549 3140 potins
570 3063 632 3121 Diis
652 3063 758 3137 gratias
781 3061 861 3136 agis,
887 3061 937 3135 qui
964 3061 1078 3118 diuitias
1101 3064 1349 3138 opulentissimas,
1371 3083 1448 3140 quas

451 3165 502 3241 filij
528 3177 573 3223 tot
596 3163 742 3240 luxuriose
764 3163 945 3238 abligurituri
966 3163 1098 3234 merant,
1124 3166 1192 3230 solis
1216 3165 1301 3222 nobis
1321 3168 1449 3242 relique-

452 3269 511 3325 rint
536 3267 736 3344 pcrfruendas‚
765 3269 868 3340 Neque
894 3265 966 3322 illud
995 3266 1032 3323 de
1058 3267 1173 3324 bomine
1200 3270 1444 3344 praetereundum.

452 3373 526 3434 Cum
545 3371 732 3443 Hieronymus
751 3370 901 3438 Donatus,
924 3386 984 3442 quo
1006 3379 1137 3443 tempore
1158 3369 1204 3446 hic
1226 3373 1343 3428 Venetoe
1360 3373 1447 3446 dein.

452 3477 579 3548 Legatus
598 3477 686 3540 erat,
715 3469 833 3524 instaret
852 3487 993 3543 perquam
1017 3470 1147 3546 diligenti
1173 3473 1447 3548 commendatione,

452 3587 485 3632 ut
506 3593 562 3645 ea,
587 3591 645 3647 qua
666 3571 744 3647 apud
764 3573 871 3627 Iullum
892 3570 1059 3644 Pontificem
1081 3572 1194 3649 egregii
1215 3574 1448 3651 valebatgratia

452 3679 676 3746 Bartolomeus,
704 3673 807 3746 inopiae
849 3672 938 3744 Picn‘j
972 3675 1155 3748 praeceptoris
1189 3675 1347 3735 liberorum
1378 3667 1452 3752 ejus

452 3776 640 3854 grandiorum
668 3772 859 3844 subueniret,
890 3775 1073 3849 respondisse
1103 3793 1190 3847 eum,
1220 3776 1383 3836 desiderare
1409 3797 1453 3838 se

451 3879 575 3936 hominis
600 3877 781 3935 eruditissimi
805 3877 1011 3952 prudentiam,
1039 3877 1203 3951 quidese
1228 3879 1295 3950 talip
1317 3882 1449 3956 conqui-

452 3992 548 4051 reret,
573 3998 667 4055 neque
693 3980 803 4036 videret
826 3982 920 4036 Deum
947 3977 1088 4053 injustum
1112 3979 1193 4052 lore,
1220 3981 1243 4037 si
1267 3982 1317 4037 uni
1345 3983 1453 4050 omnia

452 4083 614 4156 conlemt,
638 4101 700 4141 rem
717 4081 843 4155 scilicet,
862 4092 890 4138 et
910 4080 1054 4142 virtutem.
1075 4083 1118 4140 Ea
1135 4083 1376 4158 enimlocutione
1395 4086 1454 4144 ille
