3202 5168
396 365 434 424 22
640 375 761 434 loannis
781 377 883 450 Permj
906 377 1085 448 Veturiam,
1101 395 1144 452 na

237 489 367 608 ἐθείρῃ*
433 495 548 554 Addam
571 498 637 556 huic
658 502 751 558 virum
774 503 848 559 beni
861 503 1028 562 litteratum
1046 507 1188 561 Josrrrnu
1214 503 1397 562 Fausrmurr

262 572 378 658 austerus.
396 600 573 692 Vicqnuitutrt
606 605 725 675 ciuem,
762 606 858 662 Brixia
887 618 982 662 tamen
1013 606 1169 663 oriundum
1198 608 1288 664 Tinea
1304 667 1307 674 Δ
1324 628 1384 664 non

391 699 528 760 incelebri
551 705 678 777 familia,
707 709 789 781 cujus
816 726 1008 766 aerumnosum
1036 709 1165 778 exitum,
1199 710 1236 766 ab
1258 712 1386 786 Egnatio
1439 719 1442 726 ⁴

392 816 492 861 nostro
515 826 560 863 me
582 810 694 866 audisse
714 811 838 866 memini.
858 813 985 866 Noverat
1007 811 1031 867 is
1052 810 1198 868 bominem
1216 812 1247 866 in
1269 812 1386 868 ciuitate

389 889 565 979 bellunensi,
581 929 633 984 per
640 929 741 986 ⁴anuos
755 931 843 987 supra
861 924 1000 987 quattuor
1022 925 1050 968 et
1070 913 1187 988 triginta
1205 914 1384 988 professum,
1462 991 1465 998 Δ

389 1009 551 1068 eruditione
572 1012 781 1088 dubio-procul
798 1033 924 1084 summa,
945 1025 1051 1070 ettam
1072 1015 1272 1090 praelegendo,
1297 1035 1383 1090 quam

389 1113 501 1168 orando
522 1113 737 1185 admirabilem,
766 1116 848 1188 cujus
866 1117 1078 1192 integerrimam
1102 1117 1328 1188 continentiam,
1354 1129 1385 1175 et

387 1215 561 1289 probitatem
579 1227 640 1273 tota
654 1235 686 1272 ea
700 1218 800 1274 ciuitas
815 1219 882 1275 caelo
897 1219 1000 1288 effert,
1014 1231 1042 1275 et
1057 1219 1228 1276 admiratur,
1241 1221 1269 1275 Is
1287 1231 1383 1276 autem

387 1329 454 1391 post
479 1330 613 1375 nauatam
633 1319 780 1393 juuentuti
801 1321 963 1378 Bellunensi
983 1340 1035 1396 per
1057 1333 1102 1377 tot
1128 1339 1218 1378 annos
1241 1338 1382 1396 operam,

388 1430 417 1475 et
436 1422 526 1477 multa
540 1422 578 1477 ad
599 1423 775 1499 posteritatis
786 1413 880 1478 ¹etiam
906 1423 1115 1484 institutionem
1137 1424 1323 1498 elucubrata,
1347 1424 1383 1479 ei>

387 1521 486 1579 incidit
507 1524 694 1594 calamitatis,
724 1537 758 1580 ut
774 1527 894 1584 Belluno
918 1526 934 1581 a
960 1527 1108 1581 Germanis
1132 1526 1269 1596 obsessa,
1294 1526 1382 1582 totius

387 1624 448 1681 leri
473 1627 552 1683 orbis
568 1624 617 1698 ¹inv
635 1631 761 1688 Venetos
789 1628 866 1684 bello
895 1628 1117 1699 exardescente,
1146 1628 1247 1683 missus
1277 1628 1300 1684 is
1326 1648 1382 1703 pro

386 1729 464 1803 pacis
481 1730 700 1804 quibuscunque
723 1731 950 1800 conditionibus,
969 1749 1005 1811 ne
1025 1731 1095 1787 urbs
1116 1730 1270 1805 direptioni
1290 1731 1381 1787 desti-

386 1843 521 1902 naretur,
536 1835 645 1890 Orator
663 1834 721 1890 una
733 1852 799 1889 cum
820 1834 930 1889 civibus
953 1834 1064 1909 aliquot
1083 1852 1117 1889 ex
1134 1833 1213 1890 omni
1230 1835 1381 1890 nobilitate

386 1933 480 2004 lectis,
494 1951 593 2009 pacem
608 1936 725 2010 quidem
738 1937 918 2012 impetrauit,
934 1936 1150 2009 obsidionisque
1164 1937 1381 1992 summouenda

385 2048 486 2098 auctor
499 2037 567 2109 suit,
580 2039 630 2095 setl
645 2039 681 2094 ab
692 2039 823 2095 hostibus
837 2041 1013 2095 tributorum
1027 2038 1198 2096 auidissimis
1210 2027 1249 2095 ad
1260 2043 1382 2096 Pontem

350 2141 355 2148 '
386 2140 465 2210 AEni,
487 2161 573 2215 quem
598 2145 750 2217 Isprucum
768 2142 855 2197 hodie
877 2142 963 2216 vulgo
990 2141 1108 2211 dicunt,
1134 2141 1166 2195 in
1186 2142 1381 2217 captiuitatem

383 2243 545 2315 abductus,
568 2244 635 2317 jure
655 2245 783 2320 gentium
809 2243 977 2300 abarbaris
999 2244 1129 2313 violato,
1155 2244 1225 2300 dum
1244 2246 1380 2320 redemp-

383 2343 469 2401 tionis
487 2347 628 2421 pretium,
644 2348 723 2421 quod
740 2347 780 2402 illi
793 2345 975 2422 flagitabant,
991 2364 1104 2401 omnem
1119 2347 1229 2402 excedit
1243 2349 1380 2418 modurn,

382 2465 477 2522 neque
498 2433 637 2505 soluendo
656 2449 809 2525 quisquam
830 2460 873 2504 est
885 2467 901 2504 e
915 2448 973 2505 suis
989 2469 996 2503 :
1012 2451 1078 2523 Ipse
1096 2448 1126 2504 in
1147 2448 1307 2505 litterarum
1320 2450 1380 2507 otio

383 2550 502 2606 adeam
528 2570 619 2625 usque
644 2551 719 2607 diem
745 2552 907 2620 enutritus,
932 2550 993 2624 jam
1019 2563 1048 2605 et
1067 2569 1206 2621 maerore,
1236 2561 1267 2614 ,et
1291 2552 1384 2608 aetatis

381 2651 605 2728 ingrauescentis
629 2653 813 2709 incommodo
834 2694 843 2723 ,
881 2653 1019 2728 malaeque
1042 2654 1120 2728 apud
1144 2653 1287 2727 ejusmodi
1312 2654 1382 2708 leri·

383 2766 471 2811 tatem
489 2757 665 2812 tractationis
681 2757 851 2813 truculentia
863 2768 999 2826 vexatus,
1015 2757 1066 2828 ubi
1080 2757 1223 2812 neminem
1237 2758 1381 2828 babebat,

382 2859 434 2933 qui
449 2860 673 2916 consolationem
694 2859 811 2915 afferret
832 2860 863 2914 in
882 2857 968 2914 tantis
989 2858 1091 2930 malis,
1108 2877 1202 2932 neque
1227 2859 1380 2932 quisquam

382 2944 607 3031 inueniebatur',
646 2962 697 3036 qui
725 2961 846 3038 miserljs
874 2962 1021 3036 perditum
1043 2961 1170 3031 leuaret,
1201 2962 1251 3035 qui
1275 2979 1381 3036 magno

383 3082 495 3138 semper
520 3064 550 3119 in
580 3065 692 3120 honore
717 3065 797 3139 apud
831 3065 1012 3120 Bellunenses
1041 3063 1207 3134 fortunate,
1237 3064 1379 3139 beateque

382 3166 492 3223 vixerat
513 3178 650 3241 tanquam
674 3186 781 3222 numen
804 3167 922 3240 aliquod
948 3167 1062 3235 cultus,
1090 3177 1119 3220 et
1142 3166 1328 3235 observatus,
1348 3167 1388 3236 in¹

383 3289 418 3326 eo
438 3289 550 3330 earcere
562 3312 570 3340 ,
600 3270 656 3325 vita
679 3281 737 3326 tam
754 3270 884 3344 indigne,
905 3281 1021 3342 tamque
1042 3267 1191 3323 infeliciter
1211 3269 1337 3323 excessit.

227 3375 372 3497 ffaleottar
422 3374 537 3438 Solebat
558 3371 1042 3445 etGannorr1Nannmus1s,qui
1065 3371 1143 3446 apud
1164 3389 1216 3426 nos
1238 3369 1289 3426 diu
1312 3389 1379 3426 ver-

257 3460 362 3491 (tritten-

226 3514 266 3560 sis.
383 3477 466 3533 satus'
483 3488 566 3544 erat,
586 3476 766 3530 miserescere
779 3475 919 3548 Egnatius
939 3474 1024 3529 idem.
1048 3476 1077 3528 Is
1102 3473 1218 3546 quidem
1244 3473 1302 3527 suis
1316 3473 1376 3527 cla-

382 3579 443 3636 rior
464 3577 730 3648 lucubrationibus,
750 3589 778 3632 et
798 3594 969 3651 magnorum
995 3573 1161 3649 Principum
1186 3574 1378 3654 familiaritate

382 3682 471 3756 magis
497 3681 635 3750 celebris,
661 3680 747 3755 quam
773 3692 873 3734 nostro
900 3678 990 3753 possit
1013 3678 1167 3732 clarescere
1191 3677 1377 3748 testimonio,

382 3802 448 3839 cum
473 3783 489 3838 a
510 3786 687 3840 Francorum
714 3785 791 3858 Rege
817 3782 963 3838 Ludouico
986 3780 1049 3853 ejus
1076 3779 1200 3836 nominis
1227 3781 1376 3835 undecimo

337 3861 339 3865 ι
382 3886 535 3941 accersitus
556 3905 590 3941 ex
612 3886 782 3954 Pannoniis,
802 3883 853 3938 ubi
863 3883 1003 3940 Matthiae
1014 3881 1099 3957 Regis
1117 3880 1285 3936 liberalitate
1307 3881 1377 3936 deli-

382 3989 529 4058 ciabatur,
552 3988 724 4064 Lugdunum
747 3987 784 4042 ad
805 3986 986 4042 salutandum
1002 3986 1114 4040 Gallum
1131 3986 1238 4058 Regem
1253 4001 1283 4039 se
1302 4002 1376 4038 con-

382 4090 488 4162 ferret,
508 4089 583 4148 forte
604 4090 645 4145 illi
660 4090 751 4146 factus
770 4107 804 4145 ex
818 4088 920 4176 itinere
939 4099 1006 4144 ante
1028 4087 1108 4144 urbis
1127 4097 1227 4162 portas
1248 4084 1378 4154 obuiam,
