3202 5168
308 523 310 528 Ι
358 453 592 507 erraaaroamt
613 449 830 504 Irraurctrsra.
870 445 933 502 Lib.
957 450 982 503 1.
1148 441 1168 504 7

171 577 270 654 paucis
288 579 359 634 verb
377 590 444 653 post
462 577 607 634 mensibus
625 572 784 650 pestilentia
807 585 972 644 contactus,
987 575 1115 630 desertus
1129 576 1168 631 ob

172 681 322 751 omnibus,
344 679 537 737 infelicissimo
556 679 657 735 mortis
678 696 782 754 genere
803 695 957 751 oppressus
979 687 1039 746 est,
1061 678 1169 752 quique

157 784 357 852 ¹laudatione,
374 794 404 838 et
424 781 588 856 eloquentia
606 799 658 837 saa
676 780 842 836 innumeros
861 779 950 834 aetatis
966 799 1021 835 suae
1040 780 1169 836 homines

173 888 391 955 illustraverat,
424 895 453 939 et
476 883 598 952 mucre,
626 893 654 938 et
678 882 789 936 honore
815 881 957 954 sepulchri
985 881 1024 936 ita
1051 882 1169 938 defrau-

175 990 259 1046 datus
281 999 342 1058 cst,
364 999 397 1043 ut
417 987 468 1042 ubi
487 987 633 1060 sepultus,
656 985 750 1059 quisve
770 983 892 1038 hominis
910 984 1034 1052 cadauer
1053 970 1169 1058 conjec-

175 1105 237 1148 tum
257 1091 349 1146 fuerit
360 1131 369 1160 ,
392 1089 551 1165 ignoretur.

216 1191 355 1250 Proximis
374 1203 471 1248 autem
486 1191 586 1246 diebus
597 1191 1026 1259 CrarsroruoausMaacrmus,
1037 1201 1071 1245 ut
1081 1189 1173 1244 nostri
1218 1186 1329 1237 Christo
1407 1183 1410 1188 ’

177 1295 287 1352 ordinis
305 1293 435 1350 homines
451 1311 640 1367 percurram,
666 1291 808 1367 singulare
827 1293 914 1347 vestri
936 1292 1102 1366 patriciatus
1122 1311 1172 1348 or·
1218 1254 1329 1374 man,

163 1407 345 1454 ,aramentum
364 1413 424 1470 quo
443 1394 578 1470 iugenio,
597 1413 656 1468 qua
674 1394 823 1465 doctrina,
843 1411 901 1468 qua
922 1395 1101 1468 eloquentia,
1117 1412 1176 1468 qua

179 1500 297 1574 insuper
313 1517 426 1554 morum
449 1496 613 1572 integritate
628 1495 690 1566 vir,
713 1496 775 1571 ipse
798 1515 915 1571 quoque
938 1497 1023 1572 longe
1040 1497 1095 1553 aha
1115 1497 1177 1554 sor-

180 1613 268 1671 tuna,
293 1612 380 1674 atque
402 1599 466 1673 ejus
484 1598 593 1673 pietas,
616 1609 645 1654 et
667 1597 790 1674 dignitas
809 1599 992 1674 postulabat,
1014 1599 1178 1674 indignissi-

168 1721 287 1777 -moque
310 1703 360 1758 tali
373 1701 532 1776 probitate,
551 1713 580 1758 et
593 1701 755 1758 eruditione
768 1701 847 1757 exitu
860 1714 1008 1776 surreptus
1023 1714 1065 1759 est
1082 1703 1176 1759 nohis.

181 1804 336 1862 Primarius
359 1804 436 1860 enim
452 1804 673 1880 Corcyreusium
687 1805 802 1860 Flamen
824 1805 963 1860 Clementi
978 1817 1080 1861 nostro
1099 1807 1178 1862 Pon-

182 1907 251 1964 tifici
264 1907 390 1964 Maximo
404 1907 445 1962 ob
458 1907 586 1982 egregias
600 1907 651 1962 bas
664 1905 751 1962 animi
770 1907 852 1962 dotes
870 1907 1094 1980 acceptissimus,
1110 1908 1180 1964 dum

170 2063 172 2069 ,
195 2029 216 2064 ιι
232 2009 293 2065 dies
311 2009 396 2084 longe
412 2009 599 2084 amplioribus
617 2009 654 2064 ab
672 2025 707 2063 eo
728 2007 887 2064 honoribus
907 2008 1102 2066 honestandos
1122 2021 1174 2080 eat,

182 2112 215 2170 iu
238 2111 399 2186 proximam
428 2111 528 2168 incidit
552 2113 748 2166 Romanarum
775 2127 874 2165 rerum
902 2111 1111 2182 calamitatem,
1142 2131 1179 2169 ex

175 2233 244 2288 qua
267 2214 305 2270 ab
322 2214 473 2288 Hispanis,
497 2215 548 2290 qui
569 2233 663 2288 nuper
682 2213 784 2268 urbem
808 2214 929 2268 Romam
958 2214 1030 2269 elam
1055 2215 1182 2290 aggressi

168 2309 299 2392 captam
327 2288 493 2391 diripuere,
526 2316 556 2372 in
583 2315 777 2390 captiuitatem
802 2314 863 2389 ipse
891 2317 1008 2372 abactus
1038 2317 1123 2373 bonis
1153 2328 1181 2373 ct
1205 2369 1209 2376 ,

172 2420 265 2490 2suis,
287 2429 316 2474 ct
338 2437 457 2475 suoram
481 2419 610 2475 omnium
632 2420 812 2494 expoliatus,
833 2437 896 2492 qnae
913 2420 1182 2476 humanissimorum

175 2523 355 2592 sommum,
385 2522 477 2578 taust
508 2522 631 2578 nomina
661 2523 751 2592 octo,
784 2523 937 2578 caueam
973 2523 1054 2593 fuit,
1084 2503 1184 2579 mutui

173 2625 308 2686 ..attactus
331 2623 498 2694 tormentis,
521 2625 587 2680 chm
605 2625 820 2694 intolerabilia,
843 2644 906 2699 quae
931 2621 970 2679 illi
993 2624 1180 2700 flagitabant,

171 2728 297 2785 ¹tributa
314 2726 456 2783 soluendo
469 2745 529 2782 non
547 2738 635 2797 esset,
655 2727 832 2802 perditisque
850 2728 936 2802 rebus
954 2731 1102 2799 omnibus,
1123 2747 1181 2803 qua

175 2847 310 2903 senape,
337 2830 383 2885 vel
403 2828 486 2902 cujus
505 2828 634 2899 auxilio,
662 2841 690 2885 et
712 2848 768 2903 ope
790 2827 950 2886 sustentare
973 2843 1091 2906 posset,
1121 2851 1182 2887 non

173 2931 324 3001 haberet,
346 2913 448 2987 Caietae
468 2932 591 2986 anhnam
609 2931 807 2988 miserabiliter
824 2933 975 2988 exhalauit.
998 2934 1087 2990 Aiunt
1107 2935 1183 2990 enim

191 3034 361 3107 Hispanos,
389 3045 578 3108 posteaquam
605 3052 635 3089 se
662 3033 748 3103 suri,
780 3035 860 3108 quod
885 3048 1106 3110 poposcerant,
1133 3056 1183 3112 spe

174 3191 179 3197 ,
193 3135 317 3192 deiectos
337 3136 558 3206 intellexerunt,
578 3135 767 3192 clarissimum
784 3137 862 3193 hunc
877 3137 972 3193 virum
996 3151 1096 3195 catena
1114 3140 1184 3194 reli-

191 3250 307 3313 gatum,
334 3239 445 3298 nudum
472 3241 526 3295 sub
547 3239 604 3296 Dio
624 3239 662 3294 ad
684 3239 797 3296 arboris
813 3239 963 3296 ¹cuiusdam
982 3252 1114 3298 truncum
1137 3260 1185 3298 ex-

179 3343 341 3416 posuisse,
363 3342 537 3417 singulisque
558 3341 660 3397 diebus
683 3340 788 3416 digitos
813 3341 873 3397 eius
899 3320 1025 3418 singulos
1051 3362 1183 3419 exungu-

177 3445 289 3513 .laase,‚
304 3463 427 3517 eumque
448 3445 488 3522 ita
510 3445 625 3499 demum
644 3445 720 3499 inter
745 3444 936 3500 atrocissimos
956 3463 1005 3500 eos
1026 3446 1184 3518 cruciatus,

196 3545 269 3607 fasae
288 3545 423 3619 insuper,
445 3557 474 3602 et
487 3546 597 3621 vigilia,
618 3558 647 3601 et
666 3546 779 3616 diurni,
796 3547 988 3620 nocturnique
1009 3548 1081 3605 adria
1099 3549 1186 3605 inclo-

193 3648 302 3706 manua
322 3660 464 3704 necatum.

234 3751 383 3807 Claranus
397 3743 544 3822 Poartus,
559 3763 592 3807 ut
606 3727 685 3808 meos
699 3769 817 3826 quoque
831 3752 924 3822 cives,
942 3753 971 3808 in
983 3773 1102 3811 scaenam
1114 3756 1187 3813 hanc
1220 3765 1340 3816 (lamium

197 3851 349 3921 inducam,
371 3864 485 3927 quantae
507 3853 593 3910 fuerit
612 3855 797 3924 celebritatis,
817 3855 931 3930 igneum
950 3875 1049 3928 nemo,
1067 3859 1127 3916 siue
1141 3860 1187 3916 ille
1233 3833 1340 3883 ‘'J‘’mu*

181 3947 356 4018 ,Romanam
380 3957 543 4013 cathedram
565 3975 671 4032 magno
695 3959 823 4014 omnium
848 3956 985 4034 stupore,
1012 3973 1041 4018 et
1061 3962 1188 4020 admira-

181 4057 277 4112 tione
299 4057 467 4128 decoraret,
490 4058 550 4114 sine
573 4061 629 4132 pro
647 4057 752 4116 rostris
774 4061 963 4133 declamaret,
984 4076 1017 4119 nt
1038 4066 1107 4120 nihil
1129 4067 1189 4122 eius

199 4159 324 4218 dictione
345 4159 477 4230 suanias,
498 4159 567 4216 nihil
580 4161 752 4236 jucundius,
769 4164 840 4220 nihil
856 4165 1007 4240 expolitius
1024 4168 1187 4226 baberetur.
