3202 5168
367 459 601 552 errrnsroaqu
622 457 840 516 inseremus.
881 457 944 514 Lib.
966 459 990 515 1·
1156 461 1176 524 9

152 648 164 662 ss
180 585 220 658 ab
240 583 445 642 humanissimo
469 584 607 642 Pontifice
627 585 797 660 impetrata,
819 584 1034 664 diplomateque
1058 589 1177 647 absolu·

178 671 267 744 tionis
289 699 410 764 accepto
441 708 498 744 suas
523 688 639 744 stimulo
664 689 843 746 conscientiae
878 692 1056 748 exulceratus
1089 706 1178 750 noctu

180 791 253 846 clam
274 791 372 866 fugam
397 791 540 864 arripuit,
567 809 660 864 neque
689 793 748 864 qui)
774 791 896 862 abierit,
927 812 1022 868 neque
1047 795 1098 850 ubi
1122 797 1178 866 sit,

180 893 412 969 quattuordecim
430 894 487 948 iam
505 911 648 950 annorum
671 894 765 968 spatio
790 895 943 969 quisquam
960 897 1057 970 potuit
1080 899 1180 973 explo-

165 1015 256 1064 rare.
280 997 422 1053 Constans
445 1008 541 1052 tamen
560 997 658 1070 opinio
682 1009 738 1066 est,
758 1015 823 1052 eum
845 996 941 1054 insuto
963 999 994 1054 in
1014 999 1179 1057 interiorem

166 1079 308 1156 toracem
330 1117 403 1156 auro
424 1109 575 1155 oneratum
596 1099 707 1154 comitis
727 1099 826 1154 famuli
847 1099 971 1173 perfidia
990 1119 1179 1174 oppressum,

165 1182 312 1276 ¹auroque
347 1213 480 1276 surrepto
515 1201 639 1258 cadauer
669 1201 700 1256 in
732 1201 891 1258 solitarium
927 1202 1052 1278 aliquem
1084 1203 1181 1260 locum

182 1305 325 1361 abiectum
346 1305 491 1361 occubui.

230 1409 305 1463 Huic
335 1409 467 1482 exemplo
494 1426 553 1463 non
578 1409 699 1464 absimili
726 1409 905 1484 adjiciendus
936 1421 978 1467 est
1011 1415 1182 1470 Anruoasus
1194 1429 1232 1480 Αἱ
1248 1427 1338 1479 hom

183 1512 372 1580 Persuasus,
398 1512 587 1587 Pandalohi,
613 1515 663 1589 qui
683 1515 771 1571 Seuas
796 1513 934 1587 quamdiu
961 1515 1055 1585 vixit,
1084 1515 1182 1591 quieta
1211 1499 1338 1614 effla*

183 1631 296 1687 semper
312 1612 508 1669 dominatione
530 1627 661 1685 rexerat,
683 1614 778 1678 filius.
801 1617 923 1687 Graecis,
946 1618 1113 1692 Latinisque
1134 1617 1182 1673 lit-
1284 1599 1290 1612 ⁸

183 1718 252 1800 teris
279 1735 297 1772 a
321 1719 428 1775 Severo
453 1717 597 1773 Monacbo
624 1736 685 1774 non
706 1718 808 1774 leuiter
830 1718 979 1788 eruditus,
1004 1721 1182 1795 &patreque

183 1820 223 1898 ob
238 1819 384 1895 ingenium
405 1820 444 1876 ad
464 1821 627 1896 disciplinas
644 1833 744 1895 aptum
764 1819 926 1877 sacerdotio
944 1821 1119 1894 destinatus,
1145 1824 1182 1880 ab

182 1925 261 1980 Iulio
287 1927 331 1978 ΙΙ.
355 1922 505 1980 Senatorio
525 1943 673 1998 purpura,
696 1923 899 1997 cardinalique
921 1923 997 1997 pileo
1018 1926 1181 1982 decoratus.

173 2025 215 2090 ⁴Is
231 2043 305 2100 puer
324 2025 481 2081 admodum
494 2025 512 2082 ai
524 2025 661 2101 Borgesio
682 2043 819 2100 germano
833 2023 922 2080 fratre
937 2025 993 2081 iam
1005 2038 1067 2082 tum
1075 2046 1182 2101 puero,

181 2138 217 2206 ‚et
231 2140 357 2203 paternae
377 2127 617 2186 administrationi
636 2127 780 2200 aspirante
802 2129 895 2182 cultro
918 2127 1065 2202 impetitus
1079 2149 1183 2204 parum

180 2231 293 2300 abfuit,
312 2231 384 2306 quin
408 2231 447 2287 ad
464 2231 528 2287 vitre
548 2231 703 2306 perniciem
726 2230 918 2306 jugularetur.
937 2232 1012 2286 Nem
1032 2231 1134 2288 ladam
1153 2233 1184 2288 in

185 2345 310 2412 gutture,
334 2335 494 2391 cicatricem
507 2385 510 2392 ,
523 2334 700 2390 dissimulare
727 2353 876 2408 nunquam
898 2334 1004 2408 potuit.
1029 2334 1087 2390 Ubi
1108 2335 1182 2390 ado-

185 2438 276 2507 leuit,
294 2438 370 2493 etin
393 2456 475 2494 sacro
498 2439 605 2495 Senatu
625 2439 722 2492 Romae
745 2436 961 2512 Rempublioam
984 2436 1184 2494 administrare

174 2539 287 2626 ¹caepit,
311 2542 415 2596 Leonti
431 2540 545 2596 Decimi
567 2552 696 2616 tempore
719 2559 817 2598 rerum
835 2541 1002 2599 senensium
1027 2527 1185 2618 suspitione

173 2627 326 2724 ¹'alienatus
355 2644 371 2699 a
400 2643 551 2720 Principe,
581 2644 736 2701 faedissimae
762 2645 802 2700 illi
823 2645 1035 2719 conjurationi,
1063 2664 1128 2720 qua
1154 2647 1186 2700 in

186 2747 297 2804 aeonis·
310 2746 398 2802 vitam
415 2747 491 2804 sacta
510 2759 568 2818 est,
590 2766 650 2804 non
673 2748 765 2804 solim
781 2747 962 2818 interfuisse,
983 2749 1083 2804 verim
1100 2749 1186 2804 etiam

183 2850 334 2924 ,praefuisse
355 2851 466 2907 delatus
491 2861 542 2906 est.
573 2854 638 2922 Qua
657 2851 769 2907 detecta
792 2851 858 2906 edm
881 2850 942 2924 ipse
963 2861 1081 2924 captus,
1105 2845 1134 2906 et
1155 2850 1186 2906 in

185 2971 332 3032 parcerem
353 2954 516 3027 conjectus,
535 2953 741 3028 conuictusque
762 2952 875 3008 sceleris
894 2963 985 3022 esset,
999 2952 1030 3007 in
1047 2950 1186 3010 Hadriani

186 3058 263 3114 mole
283 3057 414 3114 nondum
436 3067 590 3126 octauum,
615 3067 644 3112 et
663 3055 831 3132 vigesimum
853 3055 944 3111 atatis
967 3072 1074 3111 annum
1100 3075 1184 3112 exce-

187 3161 258 3218 dens
277 3160 370 3216 fracto
389 3172 506 3236 gutture
526 3160 655 3216 sublatus
673 3171 725 3216 est.

186 3277 192 3329 ;
227 3263 284 3320 seu
304 3245 451 3333 enim,'ut
468 3263 499 3318 sn
514 3264 571 3318 hoc
587 3261 710 3319 forans
728 3262 854 3321 ludibrio
874 3263 945 3320 nau
966 3264 1086 3320 userius
1107 3281 1187 3336 que

187 3385 309 3437 ramus,
331 3369 391 3423 Leo
413 3351 468 3437 X„
492 3367 576 3424 Pont.
597 3368 704 3437 Mam,
734 3368 813 3422 nullo
836 3386 898 3422 non
918 3367 1055 3423 doctrinae
1080 3381 1185 3440 genere

187 3468 355 3539 institutus,
371 3469 493 3539 Graecis,
515 3468 680 3546 Latinisque
697 3467 798 3524 litteris
817 3469 926 3543 optimis
937 3469 1086 3537 eruditus,
1105 3457 1186 3522 acer-

187 3571 310 3647 rimique
334 3573 435 3646 judicij
461 3572 526 3638 vir,
554 3582 583 3627 et
609 3590 660 3627 seu
686 3571 811 3628 solutam
836 3572 996 3628 orationem
1020 3557 1182 3638 scriberet,

187 3693 239 3730 seu
257 3693 372 3732 cannen
390 3687 547 3751 pangeret,
570 3675 684 3732 laudem
703 3675 734 3730 in
754 3687 879 3751 utroque
905 3674 1043 3743 meritus,
1060 3672 1182 3728 infelici-

188 3778 254 3833 tatis
277 3778 393 3834 insidias
411 3779 539 3844 evasisse
551 3777 627 3834 forti
640 3777 789 3848 videatur,
808 3777 858 3850 qui
872 3777 919 3832 vix
938 3777 1007 3832 dum
1021 3796 1056 3832 ex
1068 3777 1184 3832 iuventa

188 3897 318 3955 egressus
337 3881 374 3937 ad
395 3880 596 3938 Pontificatum
612 3900 724 3938 summo
742 3882 853 3958 gradu,
870 3880 1059 3950 auctoritate,
1074 3891 1102 3935 et
1120 3882 1185 3954 opi·

87 4023 90 4028 Δ
186 3978 242 4038 bus
264 3983 436 4055 florentem„
449 3989 573 4040 &evectus
591 3985 636 4040 sit.
652 3985 709 4044 Sed
728 3985 752 4040 si
770 3985 834 4058 quis
857 3984 942 4040 etiam
962 3984 1114 4060 praeteritis
1128 3983 1183 4056 ijs,

189 4105 253 4160 quae
285 4097 353 4143 ante
376 4098 439 4143 acta
460 4097 541 4142 aetate
570 4089 747 4162 pertulerat,
770 4087 872 4158 exilio,
894 4098 1037 4162 egestate,
1055 4086 1184 4161 peregri-

187 4189 323 4261 natione,
353 4190 538 4266 captiuitate,
568 4202 596 4246 et
614 4189 870 4247 innumerabilibus
890 4189 952 4246 aliis
974 4189 1123 4262 aerumnis,
1152 4206 1185 4245 ea

1052 4311 1068 4349 a
