3186 5166
272 1083 416 1133 Altncra'cus

273 1149 403 1200 Mirantes.

307 1914 378 1962 Picus

275 1978 417 2029 ,Mirandu-

271 2049 351 2095 latius.

284 3161 414 3229 Hierony-

268 3230 412 3277 rnrtsSauo-

267 3296 369 3346 terrola.

431 415 471 480 60
668 428 790 482 soranis
809 425 907 500 Prnnrj
929 429 1111 499 Vinnium,
1132 449 1169 486 nr
1252 437 1259 454 '

430 552 596 609 cathedram
619 552 793 622 obtinebam
820 554 871 609 sed
896 553 1003 610 infelici
1025 574 1080 611 suo
1106 556 1201 613 sidere
1223 559 1433 632 conjurationis

429 658 461 712 in
484 655 567 727 Iud}
585 655 748 712 cardinalis
773 656 904 711 Medicas
935 658 1042 713 caedem
1072 670 1152 715 certo
1186 661 1242 716 die·
1259 665 1433 736 patrandam

430 757 562 815 conscius
584 758 657 827 fuit3
680 778 741 832 qua
763 759 925 834 patefacta,
952 772 1053 834 captus
1072 761 1151 836 ipsc,
1180 775 1210 820 et
1230 775 1289 820 tam
1312 766 1431 826 nefandi

430 861 544 918 sceleris
577 861 728 918 conuictus
760 864 881 918 Senatus
905 863 1066 919 Florenuiri
1094 863 1206 938 judicio
1236 869 1331 922 securi
1359 886 1430 944 per-

430 983 530 1020 cussus
550 976 602 1021 est.
1301 949 1307 962 ’

468 1053 640 1125 Aaurnrcus
655 1071 805 1124 Mmrircs
824 1069 1057 1143 promptissimae,
1077 1063 1262 1146 et'elegantis
1282 1084 1431 1146 extempo-

428 1172 548 1228 talitatis
568 1172 598 1226 in
618 1191 704 1228 versu
728 1172 877 1243 faciendo,
902 1174 982 1246 quod
1002 1175 1180 1270 potentiqres
1205 1176 1346 1249 quosdam
1368 1196 1430 1234 ma·

428 1275 522 1331 ledico
555 1276 736 1350 prosciderat
768 1276 915 1344 carmine,
945 1276 982 1330 ab
1018 1277 1138 1332 Horatio
1170 1279 1292 1334 Balione
1324 1281 1429 1354 laqueo

428 1381 624 1455 strangulatus
648 1390 701 1434 est.
730 1379 768 1433 Et
789 1378 927 1451 quoniam
951 1379 1075 1434 Colotc'us
1094 1383 1239 1435 Romanos
1258 1399 1307 1437 eos
1327 1384 1429 1456 appel-

428 1482 525 1551 lauit,
553 1481 604 1555 qui
627 1484 749 1537 Romam
776 1481 831 1537 sihi
858 1481 1080 1537 contubernium
1111 1482 1299 1557 delegerunt,
1329 1485 1429 1540 eadem

429 1603 483 1659 ego
508 1583 621 1639 ratione
648 1583 723 1639 inter
745 1586 880 1667 Etruscos
908 1601 957 1638 eos
979 1603 1104 1657 ponam,
1134 1585 1185 1658 qui
1209 1588 1365 1642 Florentia
1384 1589 1428 1643 vel

428 1686 616 1762 profecerunt
636 1685 666 1740 in
685 1686 807 1756 litteris,
828 1688 873 1741 vel
896 1686 968 1742 alios
987 1686 1192 1757 instituerunt,
1217 1707 1342 1762 quorum
1368 1689 1428 1746 duo

428 1790 592 1864 praecipui:

468 1895 701 1949 Mmtnnnntaus
721 1899 830 1963 Picus,
851 1904 880 1949 et
899 1894 1095 1949 Hrnnonruus
1116 1895 1314 1950 Sanoranons.
1339 1899 1427 1952 Picus

429 1993 504 2052 euim
530 1993 691 2051 litteratura
714 2015 801 2071 supra
824 1996 964 2052 humanas
990 1997 1064 2052 vires
1087 2008 1217 2066 anteacta
1246 1999 1327 2053 aetate
1348 1999 1427 2054 nulla

428 2099 628 2155 controuersia
662 2119 810 2170 summus,
845 2101 936 2156 multa
964 2111 1025 2156 tota
1054 2100 1209 2172 juuentute
1243 2101 1427 2157 incommoda

428 2221 600 2278 perpessus,
615 2222 731 2259 causam
749 2204 828 2277 apud
842 2205 1039 2259 Alexandrum
1052 2205 1168 2260 Sextum
1183 2203 1278 2258 dicere
1295 2215 1425 2274 coactus,

429 2306 513 2378 quasi
536 2307 572 2362 de
594 2306 757 2362 Christiana
777 2307 882 2380 pietate
905 2306 979 2361 male
1000 2306 1135 2376 sentiret,
1154 2317 1314 2376 accusatus.
1329 2307 1426 2362 Abso-

428 2408 505 2463 lutus
528 2410 662 2478 demum,
681 2411 913 2482 Florenn‘amquc
931 2427 1084 2476 reuersus,
1106 2408 1157 2463 ubi
1177 2408 1339 2464 studiorum
1359 2414 1428 2465 suo'-

428 2530 493 2565 rum
507 2513 654 2569 Musoeurn
672 2510 849 2580 instituerat,
871 2522 1044 2584 anteaquam
1063 2511 1204 2566 virilitatis
1221 2515 1312 2568 annos
1330 2513 1427 2588 ingre-

428 2613 560 2682 deretur,
577 2614 706 2669 maestitia
727 2615 854 2687 quadam
869 2631 930 2669 non
947 2614 1005 2669 leui
1022 2614 1058 2668 de
1074 2633 1160 2669 causa
1178 2614 1299 2672 aflectus
1316 2628 1426 2672 tantam

428 2717 559 2790 concepit
591 2717 816 2792 aegritudinem,
848 2728 882 2772 ut
915 2717 1131 2791 quodammodo
1161 2719 1249 2773 vitam
1278 2721 1426 2795 aspernari

427 2820 597 2900 videretur,
623 2832 709 2893 atquc
736 2820 775 2874 ita
801 2820 877 2875 inter
903 2819 1043 2894 suspiria,
1074 2831 1103 2875 et
1131 2823 1258 2877 occultas
1284 2822 1425 2878 lamenta-

427 2924 537 2992 tiones,
561 2923 729 2998 aegritudine
740 2937 799 2979 'sua
819 2924 892 2979 nulli
910 2924 1067 2978 amicorum
1088 2924 1297 2980 communicata
1315 2925 1425 2994 ruente

426 3044 459 3081 ea
480 3037 584 3095 aetate,
606 3027 784 3082 desideratus
804 3039 856 3082 est.

474 3131 771 3187 Sauonanont'autem
784 3132 855 3186 Diui
866 3132 1012 3188 Dominici
1022 3132 1109 3188 sacris
1123 3132 1249 3188 initiatus
1263 3151 1323 3187 non
1335 3132 1423 3188 modo

426 3232 594 3302 litteratus,
620 3233 669 3288 sed
695 3251 799 3308 magna
825 3235 904 3308 apud
930 3235 1071 3289 litteratos
1096 3253 1195 3290 omnes
1224 3235 1423 3305 auctoritatis,

429 3336 600 3393 Christianae
609 3336 763 3411 disciplinae
777 3339 966 3393 Concionator
976 3339 1115 3413 egregius,
1130 3339 1293 3394 admirabili
1306 3337 1423 3394 omnino

426 3439 579 3509 doctrina,
605 3438 661 3495 nisi
680 3458 773 3514 prauo
794 3458 856 3495 eam
875 3441 989 3514 ingenio
1010 3440 1248 3509 contaminasset,
1269 3453 1423 3514 postquam

426 3541 561 3598 facundia
579 3542 670 3598 fretus
689 3561 740 3598 sua
759 3543 953 3598 Florentinum
967 3544 1109 3616 populum
1126 3543 1161 3598 ed
1179 3543 1373 3616 compulerat,
1391 3553 1424 3598 ut

426 3645 464 3700 ab
484 3648 652 3701 Alexandro
678 3646 765 3701 Ponti
785 3664 818 3701 ce
841 3646 994 3710 Maximo,
1024 3656 1111 3719 atque
1132 3645 1206 3700 adei)
1228 3646 1266 3700 ah
1286 3646 1424 3700 Ecclesia

425 3751 565 3804 Romanoe
589 3747 725 3804 institutis
752 3748 937 3818 dissentiret,
964 3747 1161 3822 majoremque
1190 3748 1244 3804 sibi
1268 3748 1424 3822 adrogaret
1463 3781 1467 3788 ·

425 3850 639 3922 auctoritatem,
653 3851 740 3926 quam
753 3853 790 3906 ab
805 3855 868 3925 ipso
882 3871 979 3907 rerum
993 3851 1095 3926 opifice
1109 3869 1162 3926 per
1173 3869 1275 3906 manus
1289 3850 1423 3904 traditam

424 3953 576 4010 adsecutus
597 3965 671 4010 esset
689 3947 767 4010 Petri
788 3972 935 4010 successor
953 3957 1034 4008 Ilorn.
1057 3951 1210 4024 Pontisem
1233 3953 1270 4007 de
1291 3952 1423 4008 doctrina

423 4073 491 4124 sua,
511 4057 606 4132 deque
628 4057 681 4113 Dei
705 4056 918 4124 familiaritate,
942 4074 1000 4128 qua
1023 4074 1053 4110 se
1073 4055 1111 4112 ad
1134 4055 1311 4128 colloquium
1331 4071 1422 4127 usqne

424 4157 574 4234 dignatum
591 4159 685 4232 palam
705 4157 915 4232 profitebatur,
939 4156 1027 4213 tidem
1053 4176 1136 4231 aequo
1156 4157 1329 4231 pertinacius
1349 4153 1423 4212 tueri
