3200 5170
430 425 469 492 lt
671 435 794 489 loturus
813 431 909 504 Prrnrj
930 433 1111 501 Vrturuu,
1134 451 1173 490 nr
1235 451 1239 460 ’

428 573 544 628 nostros
572 579 608 618 ex
634 561 691 617 boe
723 560 790 616 albo
818 576 1072 628 summoueamus,
1099 559 1165 616 clun
1193 559 1351 625 miserrima
1375 571 1421 617 tot

344 663 347 673 “
427 667 578 742 exempla,
600 675 687 739 atque
707 681 741 723 ea
763 663 880 737 quidem
907 639 1031 718 recentia
1050 672 1117 740 ante
1141 663 1239 719 oculos
1260 665 1420 722 obuersen-

425 770 500 832 tur?
527 771 585 825 Eos
611 778 708 824 autem
731 768 810 823 nulla
836 765 945 821 inuidia
973 766 1118 822 Romanos
1145 767 1281 840 appello,
1312 767 1365 840 qui
1391 777 1420 822 et

426 848 523 928 Romae
550 871 611 930 nati
635 882 721 941 sunt,
746 881 775 928 et
802 869 853 943 qui
875 868 991 924 aliunde
1015 868 1071 924 buo
1094 868 1218 942 profecti
1242 870 1321 943 apud
1343 890 1420 941 nos,

424 977 580 1048 Musasque
613 986 727 1030 nostras
758 971 864 1028 versati
897 991 1089 1032 communem:
1108 972 1182 1036 banc
1211 972 1265 1029 sibi
1296 973 1420 1047 patriam

425 1077 602 1158 delegerunt.
852 1143 856 1149 f
884 1151 885 1154 Ἴ

430 1235 433 1244 ,
471 1181 565 1256 Igitur
595 1179 618 1236 si
645 1182 754 1236 Paulus
778 1180 935 1236 oecanaot
960 1188 1045 1234 tantae
1073 1177 1201 1234 omnium
1229 1180 1420 1253 expectationi

422 1295 601 1360 praereptus,
625 1301 768 1338 summum
793 1281 838 1338 sui
859 1280 976 1354 reliquit
1003 1279 1195 1350 desiderium,
1216 1300 1282 1338 meo
1301 1281 1420 1356 quidem

283 1400 412 1456 Bonam,
422 1387 529 1444 iudicio
548 1389 697 1442 Burburus
715 1388 908 1440 Pnorurrruus
928 1384 1059 1440 Senensis
1074 1403 1133 1440 non
1154 1383 1260 1443 minori
1277 1384 1421 1443 litteratos

281 1469 411 1586 mm·
423 1508 523 1547 omnes
541 1489 641 1545 dolore
658 1488 768 1558 affecit,
791 1489 842 1562 qui
859 1487 970 1543 iuuenis
987 1487 1144 1542 admodum
1161 1489 1286 1558 Groecir,
1306 1489 1419 1546 Latims

424 1604 453 1650 et
478 1593 627 1648 Hebraicis
654 1591 739 1648 etiam
761 1591 862 1647 litteris
891 1591 1123 1660 eruditissimus,
1150 1591 1419 1648 Mathematicarun

424 1695 588 1772 cognitione
607 1694 733 1764 nobilis,
760 1695 834 1768 stylo
859 1692 897 1748 ad
922 1711 1021 1748 omnes
1044 1693 1132 1748 animi
1150 1694 1350 1769 cogitationes
1363 1713 1416 1754 ex-

422 1797 569 1873 plicandas
594 1796 678 1853 valdo
705 1796 841 1871 elegius,
868 1813 921 1869 per
951 1795 1114 1852 studiorum
1136 1796 1302 1852 huiusmodi
1327 1797 1420 1853 assid-

422 1901 559 1970 uitatem,
579 1899 764 1972 laboresque,
783 1909 812 1953 et
832 1897 941 1974 vigilias
961 1898 992 1952 in
1008 1913 1071 1953 eam
1084 1898 1188 1954 incidit
1205 1899 1416 1968 valetudinem,

421 2023 485 2080 quae
513 2021 548 2059 ex
577 2001 743 2064 intermissis
771 2002 1022 2058 exercitationibus
1052 2001 1224 2071 acciderat3
1261 2021 1320 2076 qua
1352 2003 1418 2062 cirrt

419 2097 586 2182 grauissimi
608 2105 819 2180 complusculos
842 2105 902 2166 dies
929 2115 1118 2180 aegrotasset,
1147 2115 1213 2160 ante
1240 2104 1417 2180 trigesimum

418 2209 508 2272 etatis
535 2227 643 2265 annum
664 2209 816 2282 ademptus
839 2218 873 2262 et.
891 2205 1061 2262 lactantium
1087 2224 1255 2281 germanum
1276 2207 1419 2278 fratrem,-

359 2369 362 2378 Δ
418 2312 514 2386 ipsum
537 2329 655 2388 quoque
675 2309 920 2380 eruditissimum,
939 2307 1121 2372 acerbissima
1137 2309 1168 2364 in
1186 2309 1361 2381 solitudine,
1387 2321 1417 2367 et

419 2424 479 2476 tam
498 2416 670 2483 Senensem,
693 2431 781 2487 quam
803 2416 966 2468 Romanam
987 2411 1175 2466 Academiam
1195 2429 1301 2488 magno
1321 2413 1351 2468 in
1372 2415 1416 2472 sui

389 2563 392 2570 l
420 2515 583 2585 desiderio,
605 2526 805 2591 perpetuoque
828 2497 948 2570 maerore
969 2512 1131 2587 dereliquit.
1178 2539 1185 2568 ι

460 2620 541 2686 Inter
566 2621 712 2676 Romanos
739 2629 836 2674 autem
863 2617 964 2691 paucis
993 2616 1059 2672 anti
1088 2616 1170 2672 annis
1198 2636 1258 2672 non
1282 2618 1418 2693 ignobilis

290 2735 411 2788 mmm
423 2721 478 2778 tuit
498 2724 647 2778 Nrcontus
668 2724 782 2790 Vitta,
804 2717 919 2776 summae
940 2720 1053 2776 iuuenis
1077 2720 1265 2790 eruditionis,
1286 2717 1392 2776 Groecr's
1403 2762 1413 2788 ,

266 2801 359 2856 Valla.
423 2823 589 2900 Latinisque
612 2822 712 2881 litteris
732 2824 864 2899 apprime
888 2824 1015 2893 doctus,
1041 2822 1229 2897 quiquidem
1250 2824 1416 2881 adolescens

423 2926 579 2984 admodum
603 2926 641 2983 ad
658 2927 777 2982 Homeri
797 2925 998 2981 sublimitatem
1022 2924 1144 3000 eleganti
1164 2923 1265 2981 Latini
1284 2924 1416 2983 carminis

422 3027 558 3096 faeditate
589 3041 711 3103 ceperat
742 3029 879 3103 aspirare.
905 3030 934 3083 Is
964 3039 1059 3083 tamen
1087 3027 1218 3084 nondum
1250 3026 1370 3082 altemm
1399 3027 1416 3082 i

423 3130 558 3206 vigesimo
580 3148 711 3206 egressus
730 3149 838 3186 annum
862 3130 914 3186 fati
941 3130 1066 3204 quadam
1085 3129 1265 3185 inclementia
1287 3129 1432 3210 erudito-q

423 3252 488 3290 rum
500 3232 641 3304 ‚omniurn
661 3233 723 3308 spei
744 3245 894 3307 surreptus
917 3244 969 3289 est.

290 3343 411 3397 saron.
462 3335 602 3392 Proximis
616 3346 712 3393 autem
728 3337 809 3392 annis
820 3339 1032 3392 erorourus
1043 3337 1195 3393 Tannotus
1204 3339 1296 3391 Lucae
1308 3335 1419 3408 Medici

266 3413 412 3533 ’ἵζω
426 3437 565 3496 Camenis
576 3435 651 3494 filius
664 3438 699 3495 eb
716 3450 895 3524 processerat
913 3438 1103 3509 eruditionis,
1120 3449 1153 3494 ut
1166 3439 1243 3494 inter
1255 3436 1415 3494 Academia

424 3543 564 3599 romane
584 3541 795 3618 adolescentes,
827 3541 888 3596 siue
902 3559 1019 3616 prosam
1038 3539 1193 3610 scriberet,
1221 3539 1281 3596 siue
1300 3557 1416 3595 carmen

423 3641 557 3719 lingeret,
569 3642 630 3702 siue
644 3642 720 3698 inter
734 3642 923 3716 Philosopkos
939 3641 1080 3698 subtiliter
1097 3641 1271 3716 disputaret,
1292 3641 1416 3698 admira-

424 3744 496 3806 tioni
516 3745 650 3802 omnibus
672 3757 766 3814 esset,
786 3744 914 3818 nihilque
937 3744 974 3799 de
997 3761 1033 3798 eo
1057 3761 1296 3813 nonsummum,
1319 3743 1343 3800 si
1356 3743 1415 3800 tau

424 3865 490 3904 eum
507 3847 626 3912 ulterius
641 3865 701 3904 esse
718 3848 928 3922 permisissent,
940 3846 1140 3921 unusquisque
1154 3845 1207 3902 sibi
1220 3847 1414 3922 polliceretur.

425 3949 478 4006 llic
494 3961 590 4008 tamen
611 3961 670 4006 tam
686 3951 816 4025 probus,
838 3963 896 4007 tam
916 3949 1079 4019 studiosus,
1109 3961 1167 4005 tum
1182 3960 1282 4006 acutus
1302 3949 1415 4008 iuuenis

422 4051 515 4107 altero
535 4052 553 4109 i
570 4052 706 4128 vigesimo
726 4071 803 4108 anno
824 4052 1000 4128 iniquissima
1017 4051 1091 4108 febri
1107 4062 1257 4126 correptus
1278 4062 1416 4108 eternum

424 4153 470 4210 sui
489 4154 606 4228 reliquit
622 4155 804 4212 desiderium.

269 4197 413 4316 iiii-ddi?
465 4257 504 4313 At
526 4258 688 4332 Ltournon
709 4257 794 4314 huius
808 4243 969 4333 vgermanus
991 4257 1081 4315 freter
1100 4257 1186 4334 longe
1205 4257 1300 4314 minor
1321 4267 1414 4325 notu,
