3186 5166
343 425 575 490 Lirem-tronus
595 427 813 488 Irenaeum.
853 427 917 488 Lib.
938 431 979 488 11.
1102 425 1162 494 ’65

133 591 141 617 .·
169 565 258 612 tatem
284 555 342 612 sub.
359 555 405 612 Μ.
425 553 550 612 Antonio
566 556 710 614 'Sabellico
733 555 937 616 studiosissime
963 558 1058 618 fiterat
1081 579 1163 618 asse·

164 671 267 730 nus,
289 657 484 732 Philosophia·
503 675 621 734 operam
633 658 757 716 dederat
777 678 838 715 non
854 659 1072 736 indiligentem
1089 665 1163 720 Ma-

168 762 337 818 thematicus
355 771 462 822 autent.
474 761 552 817 omni
574 772 680 817 conatu
701 761 756 818 sibi
780 761 994 834 veudicauerat.
1021 766 1095 822 liras
1113 767 1162 822 in-

139 895 144 906 ·
165 881 256 938 ‚super
277 863 308 920 in
328 862 536 920 bominemira
562 881 676 920 morum
692 863 854 935 suemus,
881 875 912 922 et
936 865 1166 948 jucundissimus

166 983 284 1036 rmum,
312 975 341 1021 et
364 984 528 1022 sermonum
550 966 644 1041 lepos,
674 965 728 1021 Hic
753 977 849 1022 tamen
875 967 941 1024 clun
962 970 1041 1044 apud
1068 972 1164 1048 gentis

169 1069 312 1126 Comelioe.
326 1065 505 1123 nobilitatem
518 1077 547 1123 et
565 1068 646 1138 otio,
668 1078 696 1123 et
714 1067 879 1127 sacerdotiis
892 1068 1059 1128 honestatus
1073 1084 1161 1144 esset,

166 1171 351 1246 cepissetque
373 1169 411 1225 ad
434 1157 660 1244 locupletissimae
685 1169 821 1234 doctrinae
846 1186 903 1228 suae
930 1172 1041 1230 fruetus
1063 1184 1161 1232 matu·
1237 1151 1241 1158 ¹

166 1272 274 1330 raudus
291 1271 418 1330 animum
436 1271 596 1346 applicare,
615 1271 798 1330 incumbente
813 1272 845 1330 in
862 1274 1026 1334 uniuersam
1042 1277 1162 1332 Italiam

166 1374 337 1450 contagione
364 1391 417 1445 ea,
439 1391 503 1448 quae
525 1374 669 1450 superiori
686 1386 782 1432 aestate
803 1376 938 1432 mortales
954 1378 1040 1454 longe
1060 1380 1161 1453 plures

166 1477 304 1548 abstulit,
323 1492 411 1552 quam
428 1475 603 1533 coutinentia
624 1493 678 1550 per
696 1486 741 1532 tot
762 1493 853 1533 annos
872 1478 947 1534 bella
968 1479 1159 1552 sustulerint,
1180 1511 1184 1518 ·

151 1599 202 1636 ,eo
225 1579 265 1636 ita
284 1589 434 1653 correptus
452 1589 494 1634 est
516 1579 635 1649 morbo,
656 1587 691 1634 ut
711 1579 800 1644 animi
818 1579 914 1637 statim
935 1579 1160 1653 abalienaretttr,

167 1681 261 1757 deque
281 1680 432 1751 nummis,
459 1697 533 1756 quos
563 1680 594 1736 in
614 1680 765 1738 manticam
790 1681 936 1753 conjectos
961 1684 1068 1740 lacerto
1094 1681 1159 1740 sui-

166 1784 333 1858 penderat,
361 1783 457 1840 loculo
486 1783 517 1838 in
548 1782 716 1839 interiorem
745 1783 871 1846 tunicam
902 1783 1027 1840 immisso
1058 1783 1161 1842 delirio

165 1886 261 1942 nescio
289 1903 353 1960 que
381 1883 579 1955 fabularetur,
607 1884 750 1958 nullisque
770 1885 949 1940 Medicorum
976 1885 1080 1960 opibus
1109 1887 1162 1944 ad-

164 1981 260 2046 iuuari
288 1987 452 2063 potuisset,
487 1987 611 2044 Venetici
637 2005 698 2042 non
728 1983 789 2041 sine
825 1985 1006 2046 eruditorum
1031 1988 1161 2048 omnium

165 2106 285 2146 merore
306 2089 485 2147 desideratus
505 2100 557 2146 est.

192 2190 311 2269 ‘Multis
330 2190 400 2246 verb
426 2202 493 2246 unte
516 2190 598 2248 anuis
622 2191 1026 2256 Banrouormunlmourcurt
1051 2211 1161 2270 cogno-
1198 2208 1317 2264 flamm,

164 2304 262 2368 mento
277 2296 398 2350 Fuscum
413 2293 569 2368 agnouistis
575 2334 585 2363 ,
605 2292 687 2368 cnjm
698 2293 844 2369 ingenium
851 2329 868 2364 ,·
875 2305 904 2350 et
920 2295 1160 2366 absolutissimam
1171 2295 1238 2396 m
1249 2277 1314 2330 Μ·

165 2395 357 2454 eruditionem
374 2413 472 2458 omues
486 2395 712 2456 ¹admirabamur.
727 2399 757 2453 Is
771 2397 836 2456 cinn
850 2397 1023 2453 Patauinum
1037 2397 1158 2468 bellum,
1239 2381 1247 2396 ⁰

163 2509 193 2555 et
210 2497 297 2555 totius
315 2496 380 2570 ejus
396 2495 522 2574 regionis
542 2497 764 2569 desolationem,
780 2497 1159 2574 incendiaquedeuitssset,

163 2603 264 2658 llontoe
285 2599 452 2674 aliquandiu
474 2598 550 2670 luit,
573 2599 645 2671 sed,
669 2599 734 2656 ciem
754 2595 851 2674 sieque
870 2599 916 2663 hic
940 2600 1051 2674 otium,
1078 2604 1160 2677 quod

163 2701 218 2758 sihi
243 2711 456 2776 proposuerat,
481 2699 653 2776 reperisset,
673 2700 707 2764 in
727 2701 902 2764 Cassinatem
924 2702 1040 2760 recessit
1060 2703 1161 2766 solitu·

163 2803 282 2877 dinem,
305 2803 381 2860 lacta
401 2802 442 2862 illi
465 2802 560 2860 aloci
580 2803 656 2862 illius
673 2801 844 2873 monachis,
865 2802 1032 2876 quiescendi
1056 2805 1158 2879 copia,

163 2905 234 2976 sed,
261 2906 331 2962 dum
352 2906 398 2960 hic
423 2915 519 2980 sperat
545 2906 652 2980 scripta
672 2917 726 2964 sua
751 2903 974 2962 lunrlentissima
992 2918 1157 2978 maturare,

163 3020 192 3066 et
213 3008 406 3072 immortalem
428 3007 484 3063 sibi
512 3007 633 3082 gloriam
661 3023 851 3082 comparare,
878 3007 978 3082 paucis
1002 3019 1158 3084 postquem

160 3109 229 3168 illuc
251 3121 404 3167 secesserat
426 3110 553 3181 diebus,
582 3109 763 3184 rapidissima
789 3120 940 3182 correptus
962 3109 1064 3180 febri,
1091 3111 1157 3167 clun

162 3221 327 3287 aegrotasset
352 3208 543 3286 grauissime,
571 3210 743 3266 valetudinis
770 3208 836 3282 ejus
863 3209 999 3270 violentia
1027 3211 1156 3274 sublatus

164 3324 231 3384 est,
257 3311 373 3370 futurus
403 3311 597 3386 dnbioprocul
618 3311 741 3372 Leonico
767 3311 893 3370 Thomeo
915 3328 1055 3386 germano¹
1073 3312 1156 3370 fratri

163 3433 223 3472 non
238 3413 379 3485 inferior,
400 3413 424 3468 si
442 3413 503 3468 lata
522 3430 587 3469 eum
604 3409 712 3468 diutius
731 3409 762 3465 in
780 3409 842 3466 sita
860 3427 921 3468 esse
940 3412 1106 3472 voluissent.

200 3519 367 3573 Ptrauntos
386 3515 472 3572 etiam
490 3514 546 3570 fuit
564 3516 728 3570 Gstrtrrus
747 3513 873 3570 Facinus
898 3512 999 3570 litteris
1024 3517 1153 3594 Groecis,
1182 3517 1312 3598 Galacum

163 3628 192 3676 et
212 3619 324 3676 Latims
343 3617 452 3693 optime
477 3615 620 3679 eruditus.
646 3613 775 3671 Nouistis
794 3612 871 3680 enim
889 3613 1034 3674 hominem
1053 3619 1154 3674 Romoe
1165 3585 1283 3637 Fam·

162 3722 312 3778 Hermolai
328 3719 453 3780 Barbari
470 3715 660 3778 contubernio
679 3715 821 3787 nobilem,
841 3715 962 3792 ejusque
981 3716 1012 3774 in
1029 3737 1061 3776 re
1081 3719 1157 3779 litte-

162 3823 239 3882 raria
266 3823 408 3879 laborum
428 3821 550 3878 socium.
575 3820 738 3894 1s1postea
760 3823 853 3892 quam
877 3821 1028 3876 Hermolai
1055 3821 1154 3893 clade,

151 3943 229 3984 mox
243 3923 325 3982 obitu
346 3922 500 4000 miserabili
506 3969 512 3978 ..
518 3933 599 3978 tanto
618 3933 661 3979 est
676 3904 811 3998 presidio
829 3921 992 3992 destitutus,
1008 3923 1156 3980 chardo

160 4028 265 4090 muno
291 4027 454 4090 Belluncnsi
478 4035 573 4096 tunc,
600 4043 669 4082 mox
691 4023 840 4082 Taruisiuo
866 4025 989 4082 Prceculi
1000 4025 1154 4097 adhesit,

161 4128 225 4187 sitae
252 4130 331 4205 apud
354 4147 420 4188 eum
450 4105 611 4203 Principem
641 4126 768 4186 subsidia
792 4138 917 4200 nactus,
945 4139 974 4185 et
1000 4128 1156 4208 liberaliter

1018 4249 1037 4304 9
