3202 5168
251 917 504 1022 JOANNIS
536 915 720 1018 PIERII
753 915 1076 1020 VALERIANI
1138 1017 1143 1026 .

199 1172 268 1261 DE
316 1169 721 1262 LITTERATORUM
768 1167 1135 1262 INFELICITATE

432 1599 615 1668 LIBER
655 1597 898 1668 PRIMUS.

510 1829 513 1840 ,
527 1791 806 1836 -οοο-

126 2001 129 2008 ’
168 1953 255 2058 Cura
278 2001 416 2078 proximis
436 2003 538 2061 diebus
556 2005 632 2060 lama
651 2004 688 2059 de
706 2004 859 2062 Clementis
877 2005 997 2078 Septimi
1017 2004 1163 2068 Pontificis
1209 2040 1213 2047 ·

162 2104 284 2160 ‘Maximi
313 2105 396 2162 obitu
434 2107 515 2163 ranis
547 2106 713 2162 rumoribus
750 2117 870 2182 euagata
906 2107 1100 2187 Hippolytus,
1134 2083 1163 2165 et

167 2208 330 2266 Alexander
358 2221 479 2284 nepotes
509 2208 572 2283 ejus
601 2211 723 2266 Romam
762 2208 978 2284 expeditissimis
1012 2203 1163 2269 itineribus

165 2309 289 2384 proiecti
308 2321 419 2382 essent3
446 2312 549 2370 lentius
569 2329 624 2388 ego
642 2331 707 2368 cum
725 2313 862 2368 comitatu
883 2313 1040 2370 domestico
1061 2315 1164 2370 subse·

166 2423 250 2470 cutus
261 2454 269 2483 ‚
282 2425 400 2488 postero
422 2433 510 2488 quam
526 2414 557 2470 in
574 2415 677 2470 urbem
692 2414 837 2490 ingressus
857 2433 921 2470 sum
934 2415 1003 2485 die,
1023 2415 1095 2471 nihil
1114 2435 1165 2472 an-

167 2514 276 2590 tiquius
299 2517 387 2587 duxi,
419 2517 506 2592 quim
526 2519 679 2573 Gtsrsaau
699 2518 900 2574 Conrtaenuu
922 2521 1078 2576 Oratorem
1102 2521 1164 2576 Ve-

165 2629 265 2674 natum
286 2617 430 2690 inuisere,
458 2637 545 2694 quem
565 2619 660 2675 airum
679 2620 814 2696 ingenio,
837 2621 984 2692 doctrina,
1005 2633 1034 2678 et
1053 2601 1165 2679 summa

165 2722 295 2796 quadam·
314 2721 454 2801 sapientia
480 2721 665 2779 clarissimum
694 2724 711 2778 is
738 2724 838 2800 primis
863 2725 1060 2782 adolescentiae
1082 2727 1165 2782 anuis

165 2825 277 2881 assidue
306 2827 461 2882 colueram.
483 2827 592 2882 Verum
622 2827 747 2898 accidit,
777 2839 810 2884 ut
842 2846 878 2884 eo
910 2829 974 2903 ipso
1003 2829 1073 2899 die,
1105 2849 1165 2904 quo

164 2928 284 2984 domum
304 2928 365 2984 eius
379 2946 573 3000 accesseram,
600 2929 678 3004 ipse,
699 2929 752 3005 pia
772 2930 815 2986 rei
835 2949 921 2986 causa
938 2945 1048 3006 septem
1067 2951 1165 2988 sacro·

164 3043 262 3087 sancta
281 3031 386 3088 Divum
406 3032 567 3106 pulvinaria
589 3032 801 3106 supplicaturus
821 3033 962 3090 inuisarit.
977 3015 1068 3091 lirant
1088 3037 1165 3092 enim

164 3133 274 3190 lustrici
299 3134 379 3204 dies,
400 3153 474 3210 quos
495 3153 675 3211 unoquoque
699 3155 777 3192 anno
800 3137 1003 3212 quadragenos
1026 3137 1164 3212 purifica-

165 3235 237 3292 tioni
268 3235 447 3293 consecrauit
482 3250 591 3294 nostra·
612 3238 714 3313 pietas.
753 3239 866 3313 Vixque
900 3241 1021 3314 pulsatis
1053 3241 1166 3298 foribus
1248 3281 1250 3286 .

67 3401 70 3406 ¹
163 3337 265 3394 herum
288 3340 368 3395 domi
391 3352 452 3396 non
476 3359 558 3410 esso,
584 3353 612 3396 et
633 3359 669 3397 eo
696 3341 860 3415 proiectum
885 3360 1055 3418 responsum
1080 3347 1164 3400 acce·

163 3458 282 3516 peram,
296 3442 409 3517 iterque
426 3443 510 3498 simul
522 3442 560 3498 ad
570 3445 689 3498 Petrum
705 3444 845 3500 Melinum
859 3443 946 3500 illisce
958 3444 1067 3500 adibus
1086 3445 1165 3502 baud

162 3545 266 3619 procul
284 3543 506 3616 habitantem,
546 3557 716 3615 verteram,
751 3553 816 3600 cum
851 3546 935 3602 amici
964 3545 1163 3606 iucturdissimi

162 3650 333 3720 Laurentius
361 3650 460 3705 (ἔναντα
482 3648 647 3724 Siginorum
666 3647 811 3717 Antiates,
840 3658 869 3702 et
888 3650 1017 3722 Angelus
1038 3650 1165 3710 Colotiue

162 3747 382 3825 incomparabili
399 3752 544 3826 probitate
566 3751 632 3821 vir,
653 3750 768 3820 Graece,
789 3761 818 3805 et
837 3749 941 3809 Latini
961 3750 1164 3824 doctissimus,
1198 3731 1200 3734 ,

161 3853 231 3907 mihi
257 3854 374 3910 obuiam
399 3853 467 3910 iacti
494 3865 586 3924 sunt,
615 3872 690 3928 quos
716 3853 782 3908 crim
800 3853 997 3922 ¹salutassem,
1025 3864 1076 3924 et,
1102 3856 1165 3928 qud
1263 3859 1265 3863 ‘

161 3956 334 4027 tenderent,
361 3957 606 4032 interrogassem,
628 3956 664 4012 ad
682 3955 857 4011 rarissimum
872 3954 970 4024 hunc,
988 3955 1063 4012 aedes
1082 3955 1166 4012 indi-¹
1238 4027 1245 4034 ι

160 4070 277 4128 cantes,
293 4059 391 4114 airum
413 4060 497 4116 vultu
517 4059 674 4118 admodum
693 4059 778 4114 hilari
801 4057 1023 4132 responderunt.
1047 4051 1163 4129 Quibus

161 4177 235 4238 ego,
253 4161 360 4219 trustra
378 4162 512 4238 inquam,
532 4163 619 4220 hodie
637 4163 693 4220 huc
712 4160 853 4220 accessitis
869 4182 878 4218 ι
892 4180 960 4218 nam
974 4181 1028 4238 ego
1043 4169 1165 4237 quoque

1038 4282 1051 4322 1
