3202 5168
444 371 483 438 lo
691 384 813 437 Joaanrs
833 380 930 454 Prsarj
952 383 1131 452 Varenum,
1152 403 1189 438 ua

444 509 475 564 in
504 508 599 566 Gallia
626 506 802 563 defunctum.
824 507 881 562 ld
909 507 968 562 baec
994 509 1102 564 Grana.
1135 508 1234 583 Ecqua
1259 511 1312 566 tibi
1338 513 1434 592 nundi

443 610 528 667 huius
543 609 630 665 fides?
649 611 724 666 Nam
744 620 772 664 et
792 627 845 663 nos
864 608 900 668 de
920 607 1087 683 grauissima
1105 609 1227 666 bominis
1246 614 1436 685 ualetudine,

445 714 538 788 deque
561 712 669 767 abiecta
693 710 790 766 salutis
810 729 860 784 spe
879 709 941 764 heri
960 711 1068 766 litteras
1088 711 1313 786 acceperamus,
1342 734 1435 791 eaque

445 815 481 870 de
503 833 588 870 causa
608 815 624 869 a
647 809 801 868 Maecenate
827 831 891 868 meo
909 812 1031 868 Triultio
1054 832 1171 887 vespere
1196 817 1371 888 accersitus,
1390 815 1436 875 'ut

445 927 618 973 conuentum
650 926 780 970 nostrum
813 915 908 970 subit'o
938 913 1181 986 dissolueremus,
1211 919 1241 973 in
1266 939 1351 978 causa
1381 921 1433 976 fui.

445 1023 554 1074 Verum
573 1019 625 1074 illae
644 1018 680 1073 ad
701 1035 754 1072 nos
773 1016 893 1086 litterae,¹
910 1017 1073 1090 depositum
1093 1018 1209 1091 quidem
1222 1023 1436 1097 Nauagerium,

444 1122 574 1177 nondum
598 1132 694 1175 tamen
715 1118 870 1175 extinctum
896 1119 1111 1190 admonebant3
1138 1121 1209 1176 datae
1233 1135 1328 1179 autem
1351 1137 1436 1182 eraut

444 1226 545 1302 litterae
571 1224 587 1278 ai
610 1221 733 1278 fundulo
759 1215 1014 1296 3NonasMaias.
1038 1216 1134 1293 Quare
1156 1224 1210 1280 nisi
1236 1216 1306 1299 quid
1324 1215 1438 1284 certius

445 1327 602 1402 afferatur,
627 1344 687 1380 non
710 1335 751 1379 est
772 1335 805 1379 ut
826 1323 856 1378 iu
876 1323 1000 1378 animum
1024 1325 1271 1398 despondeamus,
1294 1329 1436 1402 quamdiu

445 1430 520 1492 enirn
542 1427 658 1502 spiritus
679 1426 752 1482 inest
772 1425 906 1500 corpori,
931 1444 1046 1500 sperare
1066 1428 1102 1482 de·
1120 1429 1209 1484 salute
1232 1430 1305 1485 licet.
1326 1433 1436 1487 Verbm

446 1549 518 1604 quas
538 1541 570 1586 tu
592 1528 687 1584 vidisti
701 1529 828 1597 litteras,
854 1546 913 1601 quo
933 1527 979 1582 die
993 1529 1064 1584 datae
1086 1531 1176 1586 sunt?
1197 1533 1357 1590 Parnasus.
1376 1535 1437 1590 Ex-

446 1633 550 1688 tinctus
575 1631 642 1686 vere
670 1630 788 1686 nimium
814 1641 857 1685 est
878 1613 1059 1704 Nauagerius
1081 1643 1200 1702 noster,
1215 1665 1219 1670 -
1232 1645 1319 1706 atque
1349 1636 1436 1692 etiam

430 1736 556 1804 elatus,
578 1746 611 1788 ut
636 1751 711 1788 nune
740 1751 833 1806 nuper
853 1733 1016 1788 tabellarius
1035 1735 1155 1807 Regius,
1181 1735 1227 1790 cui
1250 1737 1369 1812 antiqua
1392 1751 1436 1794 est

446 1857 511 1892 cum
533 1835 695 1892 domesticis
715 1835 784 1890 meis
806 1835 1005 1906 consuetudo,
1027 1835 1095 1900 mihi
1114 1837 1262 1906 narrauit,
1292 1850 1320 1893 et
1337 1839 1435 1894 efferri

445 1939 589 1994 hominem
610 1938 666 1994 suis
689 1937 807 2012 ipsemet
828 1939 917 1995 oculis
940 1911 1108 2012 ¹uespertinis
1131 1939 1276 2002 boris...s...
1299 1941 1380 2011 Mais
1380 1984 1433 1997 .....

448 2042 551 2099 Gallioe
566 2041 683 2114 oppido,
698 2040 749 2095 ubi
759 2051 827 2096 tunc
838 2044 901 2096 Iler
913 2041 1097 2110 morabatur,
1112 2040 1266 2115 inspexisse
1278 2053 1434 2100 asseuerat.

445 2131 521 2225 Tum
545 2145 667 2200 Colotius
688 2143 746 2198 alto
772 2162 837 2198 cum
859 2143 987 2228 gemitu,
1008 2143 1063 2197 hoc
1086 2161 1176 2197 unum
1199 2155 1303 2200 nostrae
1323 2145 1436 2219 inquit,

445 2248 545 2303 aberat
566 2244 735 2314 calamitati,
754 2246 809 2300 hoc
831 2245 973 2318 reliquum
998 2255 1059 2299 erat
1080 2245 1163 2300 bonis
1184 2245 1284 2302 litteris
1310 2247 1436 2304 infortu-

445 2351 545 2420 nium,
567 2361 600 2405 ut
620 2361 774 2424 postquam
797 2349 939 2423 Hispania
960 2347 1043 2403 nobis
1065 2349 1246 2404 Castils’onem
1264 2348 1435 2422 ademerat,

448 2453 549 2536 Gallia!
569 2451 686 2525 insuper
706 2451 903 2525 Nauagerium
925 2445 1087 2516 inuideret,
1111 2449 1213 2506 siccine
1237 2450 1353 2506 demum
1374 2452 1435 2508 fata

445 2553 641 2629 perseueranti
665 2549 733 2608 odio
757 2554 864 2607 litteras
888 2553 1095 2627 insequuntur,
1129 2564 1158 2608 et
1178 2553 1266 2608 veluti
1289 2554 1435 2628 reliquum

445 2657 544 2713 Italioe
568 2655 751 2724 desolarunt,
772 2655 823 2709 has
847 2653 931 2708 etiam
951 2652 1065 2727 penitus
1087 2654 1251 2729 extinguere
1274 2657 1434 2712 constitue-

445 2758 539 2813 runtl
554 2759 692 2813 Traxerat
712 2756 828 2829 quidem
847 2754 974 2810 omnium
989 2755 1098 2810 animos
1113 2756 1142 2809 in
1157 2756 1314 2811 maestitiam
1331 2761 1437 2814 Naua-

444 2859 519 2932 gen'j
542 2857 724 2914 desiderium.
749 2858 857 2912 Verum
879 2857 929 2913 ubi
950 2858 1073 2913 Colotius
1095 2859 1274 2914 Castilr'onem
1293 2861 1436 2934 superad-

447 2960 543 3028 didit,
570 2959 610 3015 ita
632 2977 730 3014 omnes
757 2958 963 3034 ingemiscere,
990 2957 1136 3034 affligique
1164 2940 1322 3034 caepimus,
1349 2979 1383 3016 ac
1410 2963 1435 3018 si

447 3063 567 3118 totidem
591 3062 692 3118 fratres
704 3103 712 3131 ,
742 3073 792 3116 aut
814 3046 946 3135 parentes
968 3061 1064 3116 coram
1085 3062 1223 3117 extinctos
1243 3063 1438 3120 intueremur.

446 3169 486 3222 At
509 3164 645 3238 quoniam
672 3163 766 3238 inquit
797 3163 919 3220 Celerius
948 3163 1018 3217 nihil
1044 3163 1100 3218 iam
1127 3182 1215 3219 suaue
1239 3165 1275 3220 de
1300 3166 1435 3222 litteratis

447 3279 650 3342 expectamus,
689 3278 788 3341 postea
814 3285 900 3340 quam
923 3266 978 3320 hoc
1003 3265 1091 3320 veluti
1117 3265 1274 3320 auctarium
1301 3267 1436 3324 additum

447 3383 503 3440 est,
523 3371 599 3426 recte
614 3389 788 3438 sermonem,
804 3388 890 3443 quem
903 3368 965 3423 heri
982 3386 1181 3442 occeperamus
1193 3369 1238 3422 vel
1250 3369 1305 3423 hoc
1321 3387 1382 3424 uno
1396 3370 1437 3428 de

446 3473 561 3529 nuntio'
582 3473 807 3536 continuandum
844 3489 957 3526 censeo.
993 3474 1086 3540 Quem
1122 3471 1242 3525 obsecro
1271 3488 1437 3526 sermonem

445 3575 540 3649 inquit
560 3574 746 3631 Cathaneus?
765 3572 919 3629 Conorrus.
940 3572 1144 3626 Litteratorum
1162 3572 1355 3641 calamitates,
1385 3571 1437 3626 in-

447 3678 606 3752 dignosque
639 3678 757 3745 anitus,
794 3686 822 3730 et
859 3672 1046 3728 miserabilem
1076 3673 1149 3746 pene
1184 3668 1312 3728 omnium·
1341 3673 1438 3730 vicem

447 3780 659 3848 dolueramus,
693 3777 832 3851 quasique
866 3773 1034 3830 defleremus
1069 3775 1311 3846 Gymnasiorum,
1344 3785 1439 3847 atque

446 3882 564 3938 Parnasi
579 3880 747 3936 vastitatem.
764 3880 855 3934 Cara.
870 3875 1072 3933 Tristissimum
1088 3874 1204 3946 quidem
1220 3886 1439 3948 argumentum.

447 3984 503 4042 Sed
526 4003 585 4057 quo
610 3983 720 4036 nullum
751 3979 888 4047 uberius,
920 3995 1013 4050 neque
1037 3976 1179 4050 copiosilrs
1210 3977 1306 4032 multis
1329 3977 1441 4034 abhinc

446 4087 528 4142 annis
553 4085 654 4139 extitit.
678 4082 734 4138 Sed
755 4099 879 4154 quorum
900 4078 1047 4132 hominum
1071 4077 1191 4132 obsecro
1215 4078 1443 4136 memineratis?

444 4190 599 4244 Conorrus.
626 4188 757 4259 Longum
789 4192 861 4238 esset
894 4198 942 4234 eos
975 4197 1051 4233 nunc
1080 4177 1238 4250 repetendo
1266 4198 1443 4252 recensere,
