3186 5166
423 436 462 500 le
669 441 791 495 loturus
810 436 908 512 Prenrj
930 438 1112 508 Vinearum,
1132 457 1170 494 na

423 579 518 626 tamen
537 582 636 623 omnes
655 565 724 620 naui
736 563 883 620 defecere.
913 565 1016 637 Neque
1035 581 1165 637 unquam
1184 564 1268 637 potui
1295 563 1420 622 cadauer

422 671 482 729 eius
501 668 713 746 diligentissime
737 667 928 743 perquisitum
951 665 1083 722 inuenire
1092 681 1111 737 ,·'
1130 678 1164 723 ut
1186 687 1241 742 pro
1267 667 1419 744 incompa-

421 772 505 832 rabili
524 773 584 828 e'ius
602 789 669 846 erga
690 788 735 826 me
754 770 860 844 pietate
880 769 962 844 paria
982 773 1193 844 persolu'erem,
1214 773 1357 827 tumulum
1376 772 1418 828 illi

421 889 517 933 tamen
547 876 581 930 in'
598 875 709 930 littore·
725 873 840 928 inanem
873 871 1033 943 constitui,
1058 883 1087 928 et
1116 892 1234 950 magna*
1248 883 1346 932 manea
1372 886 1419 931 ter

420 997 491 1036 voce
509 978 620 1034 rocaui.
633 974 745 1034 Defleui
760 975 845 1031 etiam
865 974 982 1050 lugubri
1001 975 1126 1031 carmine
1141 989 1201 1032 tam
1219 977 1306 1053 probi
1325 978 1417 1034 vicem

420 1081 608 1140 adolescentis
618 1121 627 1150 ,
649 1079 699 1154 qui
717 1077 741 1134 si
756 1079 815 1134 lata
834 1077 921 1152 impia
934 1097 1070 1152 rumpere
1090 1078 1244 1154 potuisset,
1265 1080 1312 1136 vix
1329 1081 1416 1136 alium

394 1187 396 1194 '
420 1199 486 1242 aetas
505 1197 605 1240 nostra
625 1183 719 1239 iuerat
738 1181 888 1251 habitura,
910 1181 1056 1255 quemtlli
1076 1183 1142 1256 styli
1162 1183 1321 1258 grauitate,
1341 1183 1417 1240 iudi-

419 1289 522 1363 cioque
542 1298 570 1342 et
590 1284 729 1360 elegantia
757 1283 945 1358 compararet.
968 1283 1016 1340 Ad
1035 1284 1332 1360 haecUPnrnosanrrus
1347 1286 1418 1342 'siue

418 1391 498 1460 ioco,
519 1400 552 1444 ut
572 1390 691 1458 assolet,
712 1387 772 1443 siue
793 1387 835 1443 rei
854 1386 1004 1442 veritatem
1024 1386 1223 1461 inquisiturus.
1243 1389 1356 1462 Ecquid
1376 1388 1417 1446 ait

364 1492 385 1506 ''
418 1493 553 1568 Alcyonij
573 1491 679 1566 stylum
697 1490 795 1546 forsan
815 1490 1025 1565 paruipendere
1046 1490 1152 1546 videris
1167 1487 1348 1560 'cachanoee
1369 1492 1417 1547 cui

418 1607 478 1650 tam
500 1593 585 1659 multi
602 1592 737 1668 primates
762 1591 818 1648 viri
845 1593 1001 1667 primatum
1021 1593 1192 1648 offerebant.
1225 1595 1293 1651 Non
1313 1593 1415 1669 displi-

418 1697 522 1754 cuisset
555 1696 624 1751 mihi
651 1696 831 1773 Alcyonius,
856 1695 967 1770 excepit
998 1695 1191 1766 Cathanaeus,
1219 1697 1243 1752 si
1274 1709 1415 1772 quantum

418 1802 492 1875 stylo
520 1799 700 1874 profecerat,
727 1798 886 1854 amicorum
900 1798 1064 1853 ‘eonsilium
1093 1799 1130 1854 de
1160 1801 1248 1855 rebus
1276 1801 1412 1858 adhibere
1442 1813 1445 1820 ’

417 1903 570 1971 voluisset,
595 1901 645 1976 qui
659 1901 720 1956 'nisi
744 1900 858 1975 ipsimet
878 1899 932 1955 sibi
960 1911 1072 1956 tantum
1094 1913 1275 1978 arrogasset,
1300 1903 1417 1962 futurus·

418 2006 535 2063 omnino
556 2005 650 2061 fuerat
677 2003 910 2078 eprimoribus3
935 2003 1054 2059 multam
1074 2004 1149 2060 enim
1173 2007 1297 2077 Grtecis,
1319 2007 1415 2064 Laut-

417 2110 517 2184 nieque
556 2107 657 2164 litteris
687 2125 806 2180 operam
838 2107 1037 2181 impenderat,
1076 2118 1105 2163 et
1140 2107 1296 2182 disciplinis
1330 2110 1417 2166 variis

418 2213 587 2268 oblectatus·
603 2221 673 2266 erat.
707 2209 813 2264 Verum
841 2209 864 2264 is
891 2227 926 2264 eo
953 2209 1078 2284 primum
1105 2209 1279 2266 infelicitatis
1302 2210 1414 2267 incom-

417 2316 505 2371 modo
528 2313 692 2388 flagellatus
707 2324 767 2384 est,
790 2312 870 2386 qubd
891 2312 960 2367 dum
981 2313 1016 2368 de
1036 2313 1167 2368 litteratis
1188 2314 1321 2370 omnibus
1341 2316 1417 2371 mal&

417 2417 531 2485 sentit,
561 2414 736 2471 dicacissime
767 2431 865 2471 omncs
884 2414 1121 2471 obtrectatione
1137 2415 1307 2487 lacerabat,
1336 2418 1417 2474 unde

418 2519 546 2576 omnium
577 2528 635 2573 tam
661 2507 814 2572 doctorum
830 2516 956 2590 ,uquam
981 2517 1181 2592 imperitorum
1201 2519 1231 2574 in
1261 2537 1290 2574 se
1315 2520 1415 2576 odium

418 2611 599 2676 concitarat*
619 2621 813 2676 Fortunarum
845 2637 913 2675 mox
941 2619 1131 2694 direptionem
1157 2621 1339 2677 Columnensi
1352 2641 1410 2678 ¹su-

419 2723 535 2796 crilegio
561 2739 682 2796 passus,
704 2740 772 2776 mox
796 2721 1009 2795 Hispanorum,
1033 2724 1293 2798 Germanorumque
1313 2721 1413 2780 incur-

420 2825 548 2880 sionibus
571 2834 710 2897 occupata
730 2825 843 2892 Roma,
864 2823 933 2878 dum
955 2823 1018 2878 vitae
1038 2827 1220 2882 consulturus
1239 2845 1295 2882 suae
1317 2823 1415 2884 Ponti-

411 2927 502 3000 ficem
525 2929 696 2984 Clementem
717 2925 748 2980 in
770 2928 872 2981 Arcem
892 2927 997 2982 AEliam
1020 2927 1231 3002 confugientem
1254 2929 1411 3004 subseque-

419 3041 520 3098 retur,
549 3028 720 3084 instantibus
751 3027 767 3081 a
797 3037 878 3101 tergo
906 3028 1115 3102 grassatoribus
1151 3030 1276 3086 sulfurea
1310 3033 1414 3107 glande

418 3132 567 3187 brachium
598 3131 732 3186 traiectus
759 3142 810 3186 est.
846 3129 905 3186 Ubi
928 3130 1052 3204 primum
1083 3131 1195 3187 obsidio
1225 3134 1319 3190 soluta
1350 3146 1413 3205 est,

418 3234 517 3290 rebelli
539 3234 569 3289 in
589 3234 747 3308 Principem
769 3233 887 3303 animo,
917 3234 968 3306 qui
990 3234 1135 3288 hominem
1162 3234 1320 3293 fouendum
1347 3257 1411 3294 sus-

418 3349 551 3412 ceperat,
575 3337 612 3392 ad
631 3339 713 3392 Pom.
739 3338 909 3392 Columnam
934 3338 1114 3394 Cardinalem
1136 3340 1310 3414 transfugit,
1336 3342 1414 3415 apud

418 3459 504 3514 quem
529 3441 683 3513 pauculos·
699 3451 892 3495 commoratus
916 3458 1026 3495 menses
1050 3440 1138 3496 vitam
1164 3443 1269 3499 morbo
1295 3441 1411 3513 finiuit,

417 3555 504 3615 atque
526 3543 637 3598 utinam
663 3542 700 3596 de
725 3542 830 3615 pietate
857 3553 956 3596 nostra
977 3542 1078 3598 melius
1104 3544 1263 3616 sensisset,
1289 3563 1326 3601 ne
1348 3546 1411 3604 vitae

415 3644 521 3715 finem,
549 3645 628 3718 quod
655 3644 881 3719 indignissimum
905 3657 948 3700 est
976 3645 1091 3701 homine
1115 3647 1262 3716 litterato,
1285 3645 1410 3703 infideli-

416 3749 481 3804 tatis
499 3749 563 3803 labe
584 3747 813 3803 contaminasset.

454 3853 491 3904 Et
515 3849 650 3923 quoniam
670 3849 699 3902 in
716 3849 881 3904 huiusmodi
902 3850 1056 3905 dictionem
1080 3851 1194 3920 incidi,
1207 3852 1355 3926 liberaque
1376 3863 1410 3908 ut

413 3951 522 4020 video,
545 3951 700 4024 unicuique
724 3951 842 4006 facultas
866 3951 968 4020 datur,
991 3953 1203 4027 quem-cuique
1231 3954 1260 4008 in
1285 3967 1410 4012 mentem

341 4059 343 4066 '
414 4053 510 4121 venit,
533 4053 705 4127 deplorare,
729 4070 823 4126 neque
849 4054 984 4128 tragoedia
1007 4055 1066 4110 haec
1091 4074 1144 4129 per
1171 4068 1267 4131 partes
1291 4057 1410 4132 dispen-

414 4166 510 4225 setur,
532 4154 582 4210 sed
608 4154 706 4228 hydrae
731 4174 812 4211 ruore
833 4174 893 4211 uuo
919 4157 964 4211 rel
991 4157 1046 4212 alio
1069 4157 1193 4214 abscisso
1216 4159 1308 4233 capite
1332 4160 1408 4236 alia,
