3202 5168
529 822 797 930 Atotslus

181 1020 481 1172 norimus
516 1027 778 1132 ennium
809 961 1135 1138 nerscorus

316 1241 732 1378 'BELLUNENSIBUS
757 1243 866 1327 SUIS
892 1249 936 1327 P.
955 1248 1013 1344 S„

432 1517 437 1524 .
492 1549 811 1604 -00000-

164 1742 316 1872 praru
339 1798 519 1874 Valeriani
537 1801 767 1906 Bellunensia
783 1800 838 1898 (1)
855 1802 894 1872 in
918 1801 1013 1876 hanc
1037 1827 1157 1904 usque

157 1905 258 1993 'diem
287 1919 385 2019 apud
417 1947 476 1994 me
501 1924 540 1994 in
571 1923 712 2019 sorinijs
739 1927 924 2002 Musarum
950 1913 1155 2017 assemata,

153 2039 299 2139 'publici
315 2044 407 2140 juris
424 2041 544 2118 facere
562 2043 725 2132 decreui,
743 2068 785 2116 ea
804 2044 1033 2142 potissimum
1048 2069 1156 2118 causa

159 2177 366 2258 permotus„
389 2189 437 2236 ne
460 2187 547 2255 vos,
571 2189 665 2262 quos
690 2187 757 2261 ego
782 2177 819 2236 et
842 2187 923 2236 mea
948 2178 1092 2262 sponte,
1118 2181 1157 2238 et

160 2306 206 2353 ex
225 2298 393 2382 suscepto
409 2287 526 2358 multo
545 2286 660 2382 magis
676 2309 828 2355 munere
846 2259 963 2373 omni,
986 2309 1063 2356 non
1081 2299 1156 2357 tam

160 2403 345 2475 Virtutum
360 2405 666 2495 Christianam,
689 2428 800 2503 quam
818 2403 1057 2477 honestorum
1080 2419 1156 2478 stu·

162 2519 306 2594 diorum
341 2549 473 2622 genere
511 2525 682 2598 florentes
721 2527 858 2625 cupio,
900 2527 1156 2624 antiquitatum

121 2635 123 2640 ’
160 2642 262 2714 urbis
303 2660 460 2735 vestrae,
497 2661 607 2744 atque
643 2649 792 2746 originis
824 2645 940 2745 ignari
971 2649 1010 2718 in
1043 2649 1158 2745 patria

160 2747 382 2861 peregrinari
400 2766 624 2847 videremini.
649 2766 762 2838 Simul
790 2781 832 2838 ut
859 2767 964 2838 labor
988 2769 1055 2839 iste
1082 2781 1156 2838 tam

160 2867 353 2979 praeclarus
376 2885 445 2958 viri
472 2887 707 2985 eloquentia,
732 2899 768 2958 et
786 2884 1016 2958 eruditionne
1035 2887 1158 2959 excul-

161 3003 310 3095 tissimi,
328 3009 432 3079 cuius
453 3007 624 3105 equidem
638 3009 839 3098 memoriae,
856 3004 1028 3104 laudique
1045 3005 1155 3078 vehe-

161 3139 302 3198 menter
325 3125 449 3216 faveo‚
476 3141 614 3201 extaret
638 3130 733 3201 inter
753 3142 880 3199 caetera
904 3125 1001 3198 illius
1026 3151 1156 3196 monu-

162 3261 285 3318 menta
308 3251 410 3320 testis
436 3249 581 3346 pietatis
613 3253 684 3320 suae
716 3250 755 3319 in
783 3273 848 3320 vos
875 3270 1011 3319 omnes.
1047 3243 1156 3336 Quod

161 3380 199 3437 et
230 3370 354 3440 Patriae
381 3383 532 3457 vestrae,
574 3393 654 3468 quae
685 3370 748 3441 tali
778 3369 926 3439 alumno
956 3366 1086 3437 merito
1117 3389 1155 3436 se

163 3489 298 3577 iactat,
339 3491 674 3588 perhonorificum
711 3504 748 3561 et
781 3489 913 3576 vohis,
955 3488 1019 3584 qui
1053 3499 1154 3556 tanto

161 3611 244 3708 ciue
266 3609 466 3708 gloriamini
485 3637 562 3683 non
585 3609 797 3682 indecorum
826 3632 957 3679 censeo
979 3605 1153 3678 futurum.

163 3733 439 3804 Bellunensibus
478 3729 649 3829 coniungi
686 3729 847 3802 eiusdem
885 3728 1041 3800 auctoris
1078 3724 1154 3796 dia-

201 3975 244 4052 (1)
264 3976 355 4031 These
384 3976 575 4058 Antiquitotes
603 3977 802 4044 Ramnenses,
832 3971 925 4030 which
952 3969 1155 4045 accompanied

164 4079 212 4137 the
231 4075 295 4134 first
319 4076 427 4134 edition
447 4079 481 4134 of
498 4079 552 4134 this
573 4080 661 4136 Tract
679 4079 726 4133 De
747 4073 917 4146 Infelicicate
937 4073 1153 4140 litteratorum,

163 4197 213 4238 are
233 4181 353 4236 omitted
373 4181 403 4241 in
424 4181 478 4237 this
498 4181 627 4255 Reprint.
