3186 5166
325 475 557 531 Lmraaarormr
577 463 795 530 Insanrerra'ra.
836 469 899 530 Lib.
922 476 962 534 11.
1096 465 1135 536 79

142 620 230 680 mam
254 601 361 666 adduci
379 598 497 678 potuit,
526 601 582 659 nisi
612 620 665 677 per
708 602 836 658 assiduas
871 601 1135 677 expostulationes,

142 727 215 784 quas
238 709 340 764 Petrus
362 707 587 780 Lucignanensis
604 705 668 780 ejus
693 706 823 778 Caenobij
837 705 1008 777 Prafectus,
1030 707 1062 762 in
1077 726 1137 782 quo

142 830 232 887 supra
248 809 439 886 qnadraginta
462 828 553 866 annos
579 808 781 879 victitauerat,
807 809 938 883 quotidie
957 810 1138 866 obsecrando

141 905 311 990 ingerebat,
329 909 368 969 'nt
388 912 451 986 ejus
474 905 531 969 loci
552 930 652 969 curam
675 912 819 987 suscipere
843 913 1026 988 dignaretur,
1048 931 1137 969 vene-

143 1017 241 1078 rabilis
270 1016 387 1072 tandem
413 1016 488 1071 senis
513 1015 647 1090 precibus
675 1024 856 1090 expugnatus
879 1057 887 1085 ,
922 1017 972 1090 qui
1000 1016 1140 1093 dignitate

143 1131 246 1195 sponte
266 1119 424 1176 decedebat
446 1118 484 1174 ob
510 1129 623 1174 aetatem
641 1116 701 1191 jam
720 1117 916 1192 decrepitam,
940 1120 1020 1176 etad
1038 1120 1140 1194 hujus-

143 1223 223 1279 modi
240 1240 338 1278 curam
356 1221 451 1277 minda
478 1221 628 1290 idoneam,
657 1238 717 1276 non
734 1209 819 1294 quasi
844 1203 997 1296 imperium
1020 1221 1044 1278 is
1065 1223 1141 1278 acci-

144 1336 245 1400 peret,
268 1326 319 1381 sed
340 1325 424 1398 qnasi
444 1323 549 1399 jugum
569 1323 694 1393 subiret,
726 1323 854 1379 Antiates
881 1323 939 1379 loci
970 1324 1063 1383 factus
1087 1335 1139 1381 est.

144 1428 253 1485 Variam
273 1419 324 1482 ubi
347 1429 449 1483 Petrus
468 1426 601 1481 humanis
624 1426 725 1495 cessit,
755 1426 827 1481 nihil
848 1438 982 1484 contatus
1011 1429 1142 1485 Urbanus

144 1531 267 1586 alterum
290 1529 344 1586 sibi
370 1529 499 1599 suffecit,
525 1547 612 1604 seque
633 1529 664 1585 in
688 1529 820 1586 ordinem
844 1529 965 1606 redegit.
1003 1532 1143 1588 Horatia-

145 1652 213 1689 nam
243 1633 316 1690 illud
336 1632 493 1689 identidem
508 1644 640 1709 repetens
662 1652 669 1686 :

226 1737 284 1809 Qui
299 1738 386 1793 sirau!
403 1737 535 1812 aspexit,
555 1747 692 1811 quantum
712 1737 831 1792 dimissa
845 1737 943 1811 petitis

225 1841 384 1907 Proestent,
404 1837 517 1894 mature
536 1839 654 1906 redeat,
676 1849 840 1914 repetatque
859 1840 967 1894 relicta.

186 1943 271 2000 Hunc
291 1941 434 2015 quispiam
451 1941 541 2016 igitur
555 1947 607 1995 adt
629 1939 783 2010 miserum,
809 1951 860 1995 aut
881 1939 1023 1995 infelicem
1042 1945 1142 2017 appel—

93 2075 96 2082 ·
147 2046 207 2114 let,
240 2043 308 2118 quia
336 2042 510 2098 laboriosam
535 2059 649 2115 semper
673 2041 761 2097 vitam
789 2041 900 2117 egerit,
920 2041 988 2116 quia
1014 2062 1144 2120 pauper,

150 2148 220 2222 quia
240 2147 430 2203 inhonoratus
455 2143 575 2215 vixerit,
614 2145 679 2200 crim
699 2162 814 2200 omnem
846 2145 893 2200 ille
923 2138 1064 2202 felicitatis
1088 2165 1145 2202 suae

148 2267 289 2327 summam
312 2250 343 2304 in
371 2248 490 2304 assiduis
517 2248 679 2318 laboribus,
711 2248 742 2303 in
763 2259 955 2322 paupertate,
975 2249 1006 2304 in
1026 2249 1145 2324 priuatae

149 2353 213 2408 vitae
232 2351 392 2408 bumilitate
422 2351 580 2407 collocarit.
626 2351 788 2409 senectutis
817 2361 914 2406 autem
949 2352 1146 2422 incommoda,

150 2475 238 2531 quam
254 2475 315 2511 non
335 2454 425 2510 modb
446 2454 607 2530 patienter,
633 2454 684 2510 sed
714 2453 800 2510 etiam
823 2453 952 2510 hilariter
975 2454 1059 2526 tulit,
1097 2473 1148 2511 seu

150 2558 309 2615 necessaria
346 2549 652 2626 subministrarentur,
685 2573 735 2613 seu
763 2556 893 2613 deessent
927 2559 1037 2629 multa,
1067 2559 1147 2632 quod

150 2662 320 2737 plerumque
348 2660 516 2731 accidebat,
540 2660 621 2734 aque
640 2670 792 2715 contentus
818 2659 855 2715 ad
877 2660 1060 2718 incommoda
1082 2681 1148 2718 om-

150 2765 197 2820 nia
225 2763 385 2822 adridebat.
419 2763 497 2834 Quin
525 2773 554 2820 et
575 2762 700 2818 moriens
722 2761 805 2816 vultu
824 2762 1006 2834 ridibundo,
1035 2764 1174 2822 verbis-0

152 2886 209 2943 que
224 2867 374 2942 jucundis,
398 2855 481 2941 quasi
498 2865 692 2941 placidissimo
718 2883 810 2921 sonno
838 2885 867 2922 se
895 2867 1031 2938 dederet,
1061 2887 1148 2924 occu-

151 2970 234 3040 buit,
276 2982 412 3044 quartum
445 2969 558 3026 circiter
597 2980 625 3046 et
661 2968 867 3044 octogesimum
899 2983 984 3026 natus
1015 2990 1147 3041 annum,

155 3074 343 3146 Pontth'catus
364 3073 516 3130 Clementis
535 3073 655 3147 Septimi
676 3090 754 3128 anno
781 3073 897 3147 primo,
929 3073 1071 3131 inoffensa
1097 3055 1150 3149 per

155 3186 198 3231 tot
218 3176 331 3231 labores
350 3174 514 3230 valetudine
534 3191 646 3248 semper
664 3193 756 3244 usus,
782 3175 836 3231 nisi
856 3175 936 3250 qudd
954 3177 1150 3251 superioribus

155 3277 264 3348 annis,
297 3277 367 3334 dum
389 3275 504 3333 ⁴hortuli
535 3276 579 3332 sui
609 3277 727 3332 arbores
757 3276 876 3350 ipsemet
905 3265 1128 3335 reconcinnabat
1140 3321 1149 3349 ,

155 3380 271 3436 fallente
292 3381 433 3436 scalarum
458 3378 620 3435 lubricitate
651 3392 820 3450 corruerat,
851 3392 880 3448 et
911 3400 995 3438 crure
1021 3383 1152 3456 aliquan-

157 3483 249 3539 tulum
270 3483 350 3552 laeso,
371 3482 409 3538 ad
427 3481 599 3557 longinquas
621 3481 683 3537 illas
703 3467 931 3557 pergrinationes
949 3502 1009 3539 non
1030 3484 1152 3559 amplius

157 3586 278 3644 idoneus
299 3585 362 3641 fuit.
388 3587 417 3640 Is
438 3584 526 3660 igitur
549 3585 616 3640 felix
642 3585 672 3641 in
696 3586 775 3641 tenui
797 3604 850 3655 re,
870 3587 901 3640 in
923 3586 1093 3656 laboribus,
1122 3588 1152 3642 in

157 3690 244 3765 longa
256 3700 411 3758 senectute,
431 3707 519 3766 quam
529 3688 664 3764 plerique
678 3688 773 3744 morbi
784 3690 927 3745 vocabulo
938 3702 1155 3764 nuncuparunt,

159 3792 226 3848 felix
246 3791 366 3866 inquam
387 3791 442 3847 fuit
460 3791 527 3866 quia
549 3792 616 3846 felix
633 3809 694 3848 esse
709 3792 818 3863 voluit,
837 3793 978 3866 quianon
997 3812 1151 3864 morosus,

159 3914 219 3950 non
244 3893 387 3965 difficilis,
406 3913 465 3949 non
488 3893 657 3968 multiuolus
678 3893 750 3965 fuit,
780 3906 809 3950 et
828 3896 947 3969 paucis,
973 3896 1154 3971 minimisque

160 3998 247 4053 rebus
275 4008 426 4053 contentus
456 4015 557 4051 eorum
583 3996 722 4053 irridebat
755 3998 958 4072 cupiditatem,
987 4000 1038 4074 qui
1067 3999 1154 4055 vitam

158 4100 296 4156 'miseram
310 4099 376 4155 ideb
401 4109 511 4174 agunt,
534 4099 601 4173 quia
623 4098 719 4156 miseri
738 4119 799 4157 esse
813 4103 936 4172 volunt,
960 4101 1040 4175 quod
1063 4102 1088 4158 si
1107 4120 1156 4159 eos

160 4201 282 4258 fortunae
310 4202 391 4260 riuus
420 4202 567 4258 inauraret
590 4244 600 4276 ,
642 4203 751 4278 aliquid
778 4203 898 4274 adhuc,
931 4205 1011 4279 quod
1043 4205 1156 4262 assidue
