3202 5168
342 460 599 540 ¹¹⁴·L1rrnnsronun
621 461 837 516 lrrnnrcrrirr.
879 457 941 516 Lib.
964 459 988 517 1.
1134 455 1174 515 23

179 591 261 648 dum·
280 606 385 666 magna
414 589 459 645 vir
489 588 619 664 corporis
644 588 834 660 habitudine,
859 587 1115 664 pinguedineque,
1145 599 1174 644 et

180 687 260 750 obesi
283 692 391 748 ventris
413 694 487 748 mole
510 692 606 766 grauis
626 691 662 746 ab
682 710 758 765 equo
783 710 813 746 se
835 691 984 746 demittere
1006 691 1044 748 ad
1066 702 1173 748 terram

179 798 283 866 vellet,
317 796 347 852 id
363 795 487 854 'seilicet
503 793 622 850 honoris
650 793 775 867 Principi
804 776 975 863 habiturus,
1008 777 1065 850 suo*
1083 794 1173 868 ipsius

82 915 84 922 ·
180 911 288 956 tractus
308 883 438 972 pondere
456 898 495 952 ita
519 895 649 965 corruit,
672 908 706 952 ut
729 896 820 953 adliso
844 909 926 952 terrae
948 897 1062 972 capite,
1092 897 1171 954 frae-

179 1013 269 1076 toque
286 1013 406 1076 ,gutture
429 999 523 1056 statim
542 999 687 1075 expirarit.
760 1003 761 1008 ’

210 1103 272 1162 'Hie
285 1106 404 1158 Pontio.
418 1103 496 1172 Quid
516 1103 647 1171 obsecro,
667 1101 866 1176 probatissime
886 1103 940 1172 vir,
958 1103 1091 1180 indignos
1105 1105 1171 1160 alie-

179 1207 349 1281 nigenarum
371 1205 519 1274 'casus-ita
546 1205 723 1274 meministi,
756 1215 789 1259 ut
817 1216 935 1260 tuorum
964 1205 1172 1265 obliuiscaris?
1213 1215 1216 1223 '

178 1309 287 1366 Audiui
307 1327 361 1383 ego
376 1308 523 1378 Venetiis,
544 1309 614 1365 dum
628 1310 737 1365 Orator
755 1305 922 1364 Pontificius
942 1309 973 1363 in
992 1312 1171 1367 Pannoniam
1222 1287 1224 1292 ,

177 1412 283 1468 iterum
305 1410 407 1466 missus
430 1429 541 1466 menses
561 1410 671 1484 aliquot
690 1411 746 1465 illic
768 1410 922 1468 subsistere
944 1425 1059 1470 coactus
1086 1433 1170 1484 sum,

177 1513 279 1587 excidij
303 1513 425 1570 Romani
443 1512 548 1569 certior
565 1513 671 1583 lactus,
683 1513 822 1587 dumque
842 1525 1005 1571 vestrorum
1020 1517 1172 1574 hominum

82 1623 84 1628 '
141 1607 142 1610 Ἴ
176 1616 288 1674 litteras·
307 1627 489 1691 perscrutor,
514 1618 636 1672 Panion
659 1617 804 1690 quendam
830 1619 1007 1674 Deciatum
1029 1620 1171 1695 indignis·
1183 1603 1316 1722 Dle'fflzs

177 1720 279 1776 simum
300 1718 363 1774 vitae
386 1711 494 1774 exilum
517 1721 674 1798 sortitum,
697 1719 780 1792 eujus
805 1709 916 1776 cum'te
939 1723 1065 1797 perbelle
1083 1724 1180 1780 cons·¹
1319 1709 1325 1722 ⁸

176 1822 252 1879 cium
270 1833 385 1897 putem,
404 1823 537 1896 quisnam
549 1822 595 1878 hic
617 1822 703 1877 fuerit
723 1822 843 1879 obsecro
863 1823 946 1880 nobis
966 1825 1089 1898 indices,=
1103 1847 1171 1884 nam

80 1905 84 1936 ³
175 1936 204 1982 et
227 1929 373 1994 cranam,
394 1935 422 1979 et
439 1925 577 1981 Colotiurn
597 1924 700 1994 video,
721 1937 754 1980 ut
773 1911 894 1982 alterum
914 1917 1031 1984 alterius
1046 1931 1170 1990 auribus

82 2035 84 2038 '
115 2079 116 2084 ,
174 2011 350 2085 insusurasse
384 2026 592 2096 animaduerti,
626 2045 759 2102 magnam
790 2038 945 2102 utrumque
977 2030 1170 2091 litteratorum

175 2117 366 2187 carnificinam
390 2130 547 2204 parauisse.
569 2130 625 2186 Sed
646 2130 721 2185 enim
737 2129 817 2204 prius
836 2149 923 2206 quarn
941 2135 1090 2192 Decanalis
1109 2137 1169 2193 ela·

174 2234 279 2304 batur,
301 2232 491 2289 detur'nobis
511 2233 671 2296 abnostris
692 2223 795 2302 venia,
812 2245 845 2288 ut
861 2225 931 2308 quid
945 2255 1085 2311 supereo
1103 2239 1168 2298 dic-

81 2357 84 2366 ·
175 2347 257 2393 turus
279 2354 329 2404 es,
351 2334 508 2390 audiamus.
529 2335 602 2393 Sane
629 2335 746 2409 quidem
772 2354 836 2392 cum
861 2336 897 2393 de
919 2338 1049 2416 litteratis
1075 2360 1169 2401 sermo

175 2450 234 2508 est,
248 2426 352 2494 nullius
368 2427 569 2513 ego'lib'entius
590 2437 766 2494 meminerim
790 2457 877 2512 quam
892 2442 978 2496 Pauli
996 2444 1168 2517 Decanalsb,

67 2591 73 2602 ,
101 2601 111 2612 1,
176 2541 226 2616 qui
248 2552 361 2616 quantae
386 2540 472 2596 fuerit
492 2541 691 2611 eruditionis,'
705 2541 776 2597 nulli
803 2561 864 2598 non
886 2543 1020 2601 innotuit.
1045 2527 1075 2603 Is
1093 2549 1169 2607 enim

175 2642 223 2699 rix
247 2643 408 2718 quintum,
442 2654 471 2699 et
498 2643 665 2720 vigesimum
692 2645 781 2700 aetatis
812 2661 920 2702 annum
953 2648 1107 2724 attigerat,
1141 2663 1169 2708 et

175 2749 279 2822 praeter
301 2744 539 2802 absolutissimam
556 2746 740 2815 Latinarum,
774 2750 956 2820 Graecarum,
992 2763 1021 2807 et
1042 2754 1169 2810 Hebrai-

175 2867 275 2904 earum
294 2848 459 2904 'litterarum
490 2847 682 2924 cognitionem
708 2841 870 2926 disciplinas
894 2853 979 2910 etiarn
1001 2854 1063 2912 illas
1089 2858 1169 2915 illus-

177 2951 278 3008 triores
301 2951 535 3026 Philosophiam,
564 2941 757 3027 Astrolopiam
769 2994 778 3023 ,
808 2964 837 3008 et
857 2955 1071 3016 Mathematieas
1099 2962 1167 3018 reli*

176 3073 248 3129 quas
271 3066 347 3111 artes
364 3072 423 3111 non
438 3054 558 3129 primis,
587 3067 620 3110 ut
641 3055 740 3126 multi,
764 3057 851 3113 labris
872 3057 1093 3134 degustauerat,
1117 3066 1168 3123 sed
1221 3053 1226 3064 ’

112 3187 115 3193 ·
176 3159 263 3232 pleno
285 3157 365 3212 sonte
383 3157 560 3213 exhauserat.
581 3158 639 3228 Qui
657 3157 888 3231 quidem,=dum
905 3165 1051 3235 praestanti
1069 3167 1168 3224 labore

133 3277 135 3284 ’
176 3260 321 3316 Ptolomei·
337 3261 547 3336 Geographiam
568 3279 628 3315 non
653 3273 712 3316 tam
740 3272 922 3335 temporum,
948 3267 1035 3339 quim
1052 3257 1169 3344 imperi-

176 3373 274 3418 torum
305 3363 455 3418 hominum
484 3362 589 3435 injuria
626 3363 731 3437 passini
754 3359 949 3450 'depretiatam
980 3370 1169 3430 incolumitati

176 3464 302 3540 pristinae
331 3466 452 3521 reddere
469 3455 643 3534 contendit,
670 3483 764 3538 neque
791 3465 845 3520 sibi
866 3467 935 3538 die,
958 3489 1052 3546 neque
1079 3489 1168 3534 noctu
1217 3499 1224 3510 ·

97 3583 103 3593 ·
177 3567 302 3642 parcit,
323 3560 383 3654 tam
401 3567 517 3636 utilem,
539 3579 567 3623 et
589 3561 748 3640 jucundam
770 3565 901 3625 humanis
923 3571 1042 3648 ingeniis
1067 3582 1167 3654 cogni-

177 3669 284 3726 tionem
297 3670 401 3726 ·breui·
415 3670 612 3739 exhibiturus,
644 3688 679 3724 ex
702 3669 788 3725 nimia
813 3667 956 3730 scribendi
979 3679 1167 3754 assiduitate,

176 3773 268 3843 nixu,
292 3785 320 3828 et
337 3773 550 3848 perseuerantia
565 3785 657 3858 ⁸rupta
676 3773 752 3829 intra
773 3785 871 3848 pectus
891 3796 968 3833 vena
984 3773 1028 3836 ‘ita
1050 3787 1168 3861 sangui-

177 3895 244 3933 nem
267 3875 349 3952 caepit
368 3894 521 3946 euomere,
542 3887 575 3931 ut
595 3877 673 3931 nulla
691 3877 871 3933 Medicorum
895 3893 956 3936 arte
979 3882 1040 3940 sisti
1061 3903 1167 3961 posset.

127 4007 131 4014 ·
178 3980 254 4036 'l'um
277 3979 324 4036 ille
342 3978 456 4034 fatalem
477 3977 586 4045 instare
607 3979 684 4034 diem
703 3978 874 4052 inspiciens,
898 3982 929 4038 id
957 4004 1046 4042 unum
1067 3991 1169 4051 habuit

178 4070 355 4156 praematurae
370 4071 470 4137 mortis
479 4121 488 4151 ,
507 4091 535 4136 et
550 4075 714 4155 interceptae
730 4081 761 4136 in
782 4083 882 4139 studiis
899 4085 998 4160 ¹gloriae
1019 4093 1167 4168 solatium,

180 4184 259 4258 quod
266 4225 275 4254 ,
302 4185 398 4240 rerum
420 4183 539 4239 aliarum
560 4184 686 4252 omnium
710 4195 873 4260 contempta
895 4206 963 4248 cura
975 4232 984 4262 ,
1007 4195 1093 4252 sacris
1123 4197 1168 4254 in-
