3202 5168
52 493 55 622 l

53 325 57 482 l

602 413 617 508 (
641 433 678 482 ¹¹
702 413 717 508 l

157 559 407 654 conscriptum
428 553 682 654 dignissimum
700 553 808 627 nobis
829 557 948 628 visum
966 570 1038 646 est,
1056 553 1157 656 quod

150 683 367 750 vicariano
400 677 691 774 adjungeremus.
725 679 893 774 Denique
918 675 965 748 ab
992 679 1159 752 instituto

49 815 51 858 5
156 811 287 869 nostro
314 797 473 868 alienum
499 796 590 870 nihil
617 798 840 868 commisisse
864 820 932 868 nos
957 821 1159 895 speramus,

48 951 49 962 ι
157 943 245 990 cum
267 919 464 1017 Ioseplu'B
435 917 600 988 Barberti
616 919 663 990 de
679 924 828 990 Miseria
845 924 1040 992 Poetarum
1058 925 1159 994 Grae·

155 1062 282 1112 corum
308 1040 463 1138 opellam
485 1041 613 1171 ultiqro
637 1042 719 1114 loco
742 1039 966 1137 adjecimus¹
981 1065 1091 1140 quam
1117 1056 1159 1116 ut

156 1161 452 1258 splendidissime
481 1122 686 1234 Gradcrum
717 1161 946 1258 antiquatum
974 1161 1159 1235 Thesauro

155 1285 335 1353 insereret
360 1280 506 1380 dignam
524 1307 672 1380 quoque
691 1281 834 1378 putavit
856 1283 935 1378 ipse
951 1287 1158 1356 Gronovius.

154 1407 214 1473 De
231 1402 368 1473 Latinis
389 1416 511 1476 autem
536 1414 573 1474 et
589 1402 801 1476 Vernaculis
819 1403 938 1473 Poetis
960 1425 1040 1500 quae
1059 1401 1157 1476 idem

148 1535 287 1593 auctor
317 1524 475 1594 minatus
511 1535 589 1610 est,
622 1519 813 1610 nondmn,
851 1537 1029 1621 quantum
1066 1523 1158 1596 mihi

155 1657 322 1732 constat,
346 1643 466 1716 lucem
491 1640 698 1740 adspexere.

205 1768 392 1856 Quantum
426 1763 472 1836 ad
512 1770 661 1836 Ioannis
694 1769 847 1838 Antonii
879 1770 1058 1864 Campani
1088 1768 1159 1840 viri

154 1884 469 1981 incomparabilis,
486 1889 619 1956 Poema
635 1890 692 1957 De
709 1891 858 1958 Miseria
876 1893 1069 1958 Poetarum
1092 1887 1157 1984 (1),

144 2008 179 2074 ta
192 2072 204 2078 ,,
218 2004 391 2076 Barberio
427 2005 685 2104 praemissum,
724 2027 1035 2102 supervacaneum
1077 2031 1157 2080 esse

155 2125 347 2214 existimo,
374 2140 415 2198 ut
439 2147 539 2196 nunc
567 2127 642 2196 sive
671 2123 717 2196 de
736 2130 921 2224 Campano
950 2128 1055 2222 ipso,
1078 2129 1156 2200 sive

155 2245 204 2318 de
235 2246 409 2342 operibus
442 2247 520 2342 ejus
551 2245 668 2318 fusius
706 2269 840 2343 agam3
878 2245 917 2316 id
957 2247 1054 2318 enim
1092 2246 1158 2320 fiet

154 2367 395 2463 propediem,
429 2367 496 2438 ubi
528 2367 790 2440 venustissimae
823 2367 901 2461 ejus
931 2366 1106 2467 Epistolae
1137 2392 1157 2438 e

156 2485 337 2576 tenebris,
357 2488 493 2585 quibus
517 2488 612 2560 ultra
629 2487 702 2560 duo
729 2488 858 2558 saecula
875 2488 1025 2584 sepultae
1052 2489 1157 2587 quasi

151 2607 368 2702 jacuerunt,
398 2609 436 2678 in
464 2608 583 2680 lucem
610 2607 881 2705 protrahentur.

202 2725 350 2800 Utinam
378 2729 466 2801 veri)
497 2729 564 2798 soli
597 2729 692 2800 inter
725 2726 889 2799 eruditos
920 2727 1083 2802 infelices
1113 2753 1156 2802 ac

153 2850 277 2920 miseri
300 2847 473 2938 fuissent,
498 2874 656 2946 quorum
682 2850 720 2918 in
746 2849 803 2920 his
830 2849 1017 2945 opusculis
1039 2875 1156 2922 exem·

122 3015 126 3022 ·
153 2970 215 3066 pla
240 2993 374 3066 magno
401 2993 555 3040 numero
579 2984 802 3066 comparent.

201 3095 368 3160 Poteram
412 3090 583 3186 equidem
618 3089 753 3160 addere
791 3090 899 3186 longe
931 3090 1084 3185 plures,
1124 3090 1154 3162 si

155 3234 281 3281 eorum
325 3211 429 3306 sequi
468 3208 771 3280 consuetudinem
812 3209 1041 3296 voluissem,
1088 3210 1153 3305 qui

153 3330 254 3401 nulla
283 3330 436 3400 aliorum
469 3353 580 3428 opera
611 3329 649 3398 in
679 3329 799 3397 lucem
831 3325 1015 3398 vendicari
1044 3351 1153 3426 posse

153 3445 395 3539 arbitrantur,
421 3451 492 3521 nisi
520 3469 603 3520 suas
628 3448 736 3518 etiam
762 3470 878 3543 nugas
904 3446 1152 3544 adjungerint‚

153 3585 189 3642 et
221 3573 337 3642 veteri
366 3572 617 3641 vestinorum
644 3568 812 3652 laciniam
843 3568 1062 3661 adsuerint„
1121 3631 1125 3638 .

200 3695 292 3764 Nam
319 3703 361 3760 ut
379 3689 450 3760 hoc
477 3690 560 3762 loco
584 3711 747 3787 paucos,
775 3690 1027 3786 eosque'cives
1052 3701 1151 3777 tuos

151 3813 207 3881 vir
233 3810 532 3882 excellentissime
550 3809 620 3905 (a),
642 3810 795 3881 strictim
818 3807 1092 3896 tantummodo,
1113 3822 1151 3880 et

152 3933 257 4029 quasi
285 3955 352 4029 per
377 3931 569 4002 transitum
602 3928 840 4002 considerem.

190 4097 719 4180 ()v1de‚1resu1t11‚p.115.

188 4205 380 4282 (1)loannes
408 4204 578 4278 Robinson,
607 4206 750 4280 Anglus‚
783 4204 821 4262 ad
850 4175 938 4280 quern
961 4199 1020 4260 lraec
1050 4201 1149 4261 Editio
1225 4201 1231 4216 ’

149 4308 313 4367 Menckenii
335 4307 467 4366 dedicata
488 4319 539 4366 est
1026 4307 1049 4362 Β
