3186 5166
319 457 330 486 ⁴
354 461 587 536 Ltrrrruroausr
604 460 827 516 iurauerant.
866 451 929 510 Lib.
952 459 991 512 ΙΙ.
1129 443 1171 517 67

171 585 272 660 nisque
296 584 417 644 'adscitis
445 584 476 641 in
506 585 603 641 omnia
626 587 818 641 llomnnomm
852 583 931 639 bona
959 579 1169 640 acerbissimam

153 685 399 744 'dominationem
427 687 573 758 exercuit,
597 686 668 744 nihil
693 687 848 760 quicquam
874 686 931 742 tale
955 685 1093 758 consequi
1114 704 1169 760 po-

172 789 254 859 tuit,
291 799 325 844 nt
355 788 372 844 lt
404 789 527 862 preda,
563 800 592 844 et
629 787 795 863 captiuitate
833 787 983 844 incolumis
1020 787 1165 844 euaderet.

171 889 253 962 Quin
287 889 373 946 etiam
409 892 439 946 in
474 909 537 946 eam
567 891 663 965 lapsus
695 901 737 946 est
776 895 956 965 egestatem,
989 901 1023 946 ut
1059 889 1168 948 trucul

87 1005 90 1012 ’
170 997 276 1068 panem
290 993 381 1070 'etiam
402 993 606 1062 emendicarit,
624 1013 684 1067 quo
700 1012 760 1048 non
780 993 899 1049 muento
919 992 1011 1062 lame,
1031 992 1164 1068 tab'eq'ue,

172 1105 201 1151 et
225 1094 354 1151 omnium
380 1112 477 1151 rerum
495 1095 685 1151 incommodis
711 1094 833 1152 afflictus
850 1094 1001 1170 expirauit.

208 1195 391 1252 Miserabilis'
402 1208 431 1253 et
449 1197 573 1270 Gaoeotj
594 1199 764 1256 sennonem
782 1197 894 1266 exitus,
918 1196 969 1271 qni
986 1195 1031 1254 vir
1049 1196 1166 1255 natione
1201 1200 1323 1269 Georgius

170 1299 330 1356 Ger-mm
341 1298 382 1354 ita
397 1299 571 1358 Litterarum
589 1299 757 1355 Latinarum
775 1299 870 1354 nitore
890 1298 1037 1374 ingenium
1056 1298 1166 1375 expoli-
1177 1267 1327 1386 w
1349 1293 1355 1299 ’

168 1411 271 1470 uerat,
302 1411 336 1456 ut
359 1400 390 1456 in
412 1399 568 1457 Academia
593 1412 692 1456 nostra
721 1398 776 1456 viri
800 1400 874 1456 beni
897 1400 1034 1476 elegantis
1059 1421 1165 1460 nomen

172 1515 319 1559 assecutus
344 1501 453 1574 fuerit,
482 1503 564 1577 cnjus
590 1503 632 1559 rei
658 1502 764 1578 scripta
791 1502 854 1576 ejus
882 1511 943 1558 non
964 1513 1077 1578 pauca,
1102 1523 1165 1578 quae

170 1603 203 1662 in
225 1603 528 1664 hominum'manibus
551 1607 714 1676 habentur,
750 1605 943 1661 testimonium
967 1605 1109 1662 exhibent.
1136 1608 1165 1664 Is

169 1724 289 1782 quoque
300 1707 330 1762 in
344 1711 502 1766 Gennanos
512 1727 579 1765 suos
588 1709 684 1764 Roma
698 1706 873 1782 praedatores
885 1707 1016 1782 illapsus,
1029 1707 1165 1766 atrociter

168 1822 324 1884 exceptus,
344 1810 562 1885 expoliatusque
581 1810 665 1866 bonis
686 1808 837 1880 omnibus,
860 1810 926 1866 clim
946 1811 1058 1869 nullum
1076 1811 1165 1868 babe-

170 1923 236 1982 ret,
264 1913 315 1988 qqi
337 1912 399 1986 ejus
422 1913 525 1988 inopie
550 1912 733 1982 subueniret,
760 1921 910 1968 contactus
933 1913 1052 1988 insuper
1072 1914 1163 1988 pesti·

172 2013 259 2072 lentia
284 2026 347 2086 est,
373 2026 406 2071 ut
429 2033 464 2071 eo
484 2015 637 2090 impeditus
660 2014 845 2071 incommodo
865 2033 925 2070 non
947 2015 1075 2089 potuerit
1102 2031 1163 2072 sese

167 2134 204 2172 ex
233 2135 269 2173 eo
298 2117 431 2174 incendio
463 2117 518 2174 alib
549 2115 715 2192 profugiens
748 2117 880 2173 liberare.
911 2116 1162 2174 Mendicabirn'due

167 2219 286 2294 itaque,
318 2231 346 2275 et
367 2221 470 2276 morbo
494 2219 662 2288 conlectus,
688 2237 748 2274 uno
771 2229 863 2274 tectus
884 2218 979 2289 lineo,
1004 2225 1098 2293 eoque
1116 2221 1166 2276 la··

172 2322 452 2392 cero'indumento,
485 2321 553 2380 dum
574 2341 678 2397 panem
698 2321 823 2378 ostiatim
847 2321 954 2378 frustra
974 2320 1101 2397 flagitat,
1131 2322 1162 2378 in

167 2423 213 2479 via
236 2424 329 2481 media
350 2424 378 2480 vi
397 2424 504 2499 pestis,
536 2435 565 2481 et
592 2423 673 2480 lamis
695 2422 865 2498 impotentia
892 2423 1068 2482 exanimatus
1091 2441 1162 2482 con-

167 2525 271 2583 cidisse
292 2538 423 2601 repertus
444 2538 502 2583 estc
581 2543 585 2548 ·
730 2535 732 2540 '

205 2631 335 2686 Jolttnns
354 2630 423 2685 verb
437 2631 578 2687 Conscius
592 2648 645 2686 cur
662 2647 722 2685 non
741 2629 817 2685 inter
832 2628 972 2686 litteratos
987 2639 1159 2703 reponetur,
1173 2607 1317 2726 00ᾝέθῦ

167 2729 219 2805 qui
238 2730 429 2787 litteratorum
450 2731 578 2788 omnium
598 2743 656 2787 tam
678 2731 822 2789 studiosus
837 2731 912 2802 luit,
931 2743 965 2787 ut
984 2732 1015 2786 in
1028 2734 1159 2788 nomana
1219 2777 1224 2790 .

80 2836 82 2844 '
166 2834 232 2890 aula
252 2833 290 2888 ab
309 2835 386 2890 Iulio
405 2834 442 2889 ad
466 2835 637 2892 Clementem
656 2843 749 2910 usque
766 2854 852 2890 nemo
870 2854 946 2890 unus
966 2852 1001 2890 eo
1021 2834 1158 2910 lepidius,

165 2934 322 3006 sincerius,
344 2947 373 2991 et
398 2937 573 2994 amicabilius
594 2937 631 2994 sit
655 2940 852 3012 amplexatus,
876 2949 904 2993 et
923 2949 956 3020 ut
977 2957 1041 3012 quae
1059 2939 1159 3014 priua·

167 3037 218 3094 tim
243 3031 394 3094 commoda
414 3039 544 3112 quotidie
574 3039 605 3094 in
623 3056 849 3114 unumquenque
870 3039 1053 3109 conferebat,
1081 3059 1158 3115 pru-

167 3150 327 3208 tereamus,
344 3141 484 3196 uniuersae
504 3141 589 3196 etiam
605 3141 772 3212 academice,
794 3155 823 3198 et
841 3141 987 3211 omnihus,
1010 3142 1061 3218 qui
1079 3143 1157 3198 litte·

166 3258 265 3316 rarum
287 3241 402 3296 nominc
426 3253 630 3312 censerentur,
654 3243 778 3317 geniales
800 3244 901 3300 hortos
930 3262 998 3300 suos
1024 3244 1061 3299 ad
1083 3248 1156 3302 Tra·
1226 3285 1229 3294 ι

165 3341 264 3398 lanum
285 3355 520 3413 consecrauerat‚
544 3355 776 3419 conuentumque
799 3344 937 3419 insuper,
960 3356 989 3401 et
1009 3346 1157 3420 quoddam

167 3443 210 3500 rei
232 3444 374 3500 litterariae
401 3456 544 3501 certamen
570 3446 723 3519 quotannis
747 3446 827 3502 Diua
852 3449 941 3502 Annae
973 3447 1046 3504 festo
1076 3446 1158 3504 insti-

166 3557 281 3617 tuerat,
305 3547 449 3622 longaque
473 3539 615 3604 annorum
640 3547 713 3604 serie
736 3548 913 3619 celebrarat,
938 3550 1019 3624 quod
1044 3560 1157 3606 tantum

164 3648 206 3704 illi
232 3650 329 3723 gratiae
354 3649 535 3721 conciliauit,
565 3661 598 3706 ut
619 3668 704 3707 nemo
733 3661 861 3724 unquam
888 3651 1050 3727 Principum
1074 3663 1157 3708 aetate

166 3762 266 3807 nostra
299 3751 389 3827 magis
425 3752 539 3824 luerit,
565 3767 665 3827 'quam
700 3765 786 3809 unus'
811 3754 930 3810 Coritt'us
964 3753 1156 3811 litteratorum

166 3853 296 3909 omnium
320 3853 492 3910 carminibus
520 3855 698 3927 celebratus,
728 3855 852 3930 vereque
875 3858 1006 3932 leporum
1028 3856 1171 3915 omnium,

166 3966 249 4030 pater
276 3957 444 4031 appellatus.
468 3958 524 4014 Sed
554 3970 613 4031 quo
641 3957 758 4013 tandem
783 3959 873 4014 escant
897 3969 976 4015 tanta
1003 3958 1034 4014 in
1061 3959 1161 4017 bonos

166 4074 266 4114 omnes
300 4057 484 4116 liberalitas?
514 4061 610 4135 Atque
637 4059 685 4115 illa
717 4060 821 4130 Coricij
851 4060 968 4135 pietas,
1003 4066 1155 4136 poetarum

167 4167 212 4214 tot
247 4160 410 4238 testimonip
443 4163 658 4238 comprobata,
693 4173 802 4236 totque¹
829 4162 1008 4222 eruditorum
1043 4165 1155 4242 paginis
