3202 5168
353 461 584 516 errrrsroanu
604 455 820 510 Irrsutetrrrr.
861 455 925 512 Lib.
946 457 971 511 1.
1068 440 1073 454 ⁸
1121 451 1157 512 15

164 587 356 666 integerrimis
372 585 509 663 praeditus
526 594 606 654 erat,
635 593 669 638 ut
686 582 757 638 nibil
770 582 801 638 in
817 582 924 656 juvene
941 593 1045 658 preter
1064 581 1159 641 Chris·

166 695 248 750 tianae
262 691 376 770 pietatis
397 688 590 766 cognitionem
604 685 789 743 desiderares.
804 688 834 742 Is
848 697 944 742 entem
956 685 1159 761 iniquissimis,

166 809 254 872 atque
277 793 465 852 acerbissimis
487 791 698 861 incommodis,
722 790 876 864 multisque
893 789 1031 864 jacturis,
1054 801 1083 847 et
1101 791 1158 847 bo·

167 919 271 956 norum
284 916 403 954 snorum
417 893 626 969 direptionibus
641 893 772 949 afflictus.
793 895 868 949 Nam
881 893 976 948 statim
990 904 1056 968 post
1070 893 1160 969 patris

166 1003 277 1060 obitum
294 1001 426 1058 fortunas
443 1017 508 1055 suas
522 998 557 1052 eb
571 997 703 1072 dissipari
715 995 821 1066 sensit,
836 1014 895 1070 quo
907 1007 1045 1070 paternus
1060 1015 1160 1054 seruus

167 1123 234 1162 area
255 1105 318 1178 ejus
339 1101 499 1159 mmmaria
520 1099 664 1176 perfracte
686 1098 782 1155 multis
802 1113 987 1157 nummorum
1006 1116 1161 1156 aureorum

166 1207 292 1264 millibus
319 1205 457 1281 surreptis
482 1204 650 1279 Byzantium
679 1219 771 1277 usque
795 1201 933 1278 profugit.
963 1203 1037 1258 Eum
1062 1203 1162 1258 subse-

165 1321 251 1366 eutns
270 1308 411 1385 losiphou
430 1327 490 1364 uon
504 1307 593 1364 modo
614 1307 744 1363 exclusus
762 1306 838 1362 esti
861 1316 949 1382 portn
968 1305 1162 1382 profugioque

168 1412 266 1483 omni,
288 1412 338 1468 sed
364 1411 450 1468 etism
467 1409 579 1484 injurie
602 1410 721 1466 vnlnere
745 1408 914 1479 confossus,
940 1409 1020 1484 quod
1043 1409 1162 1465 lmen-

167 1515 321 1572 dacissimo
340 1513 442 1570 eodem
463 1512 554 1569 furari
577 1530 662 1570 seruo
681 1530 737 1587 pro
759 1509 905 1568 Pontificis
918 1512 1041 1568 Romani
1060 1511 1162 1587 explo-

170 1629 267 1676 ratore
286 1616 396 1674 delatus
415 1618 490 1693 aegre
509 1617 597 1672 vitem
620 1617 815 1673 lTurearum
837 1616 1005 1672 crudelitate
1024 1614 1160 1671 defendit.

169 1723 211 1778 lle
233 1721 349 1776 demunt
367 1719 499 1790 infecta,
522 1719 698 1794 fortunaque
719 1719 813 1776 modis
830 1718 963 1775 omnibns
982 1737 1015 1775 ea
1035 1717 1164 1794 peregri-

170 1823 288 1880 natione
306 1821 504 1879 miserabiliter
518 1820 622 1878 afllieta
641 1823 762 1877 Romam
782 1839 812 1878 se
832 1833 999 1896 receperat,
1018 1822 1083 1878 eiam
1099 1838 1164 1877 ecee

167 1925 247 1982 band
275 1921 381 1983 multos
404 1935 471 2001 post
500 1943 614 1996 annos,
645 1924 886 1981 calamitosissima
906 1926 1004 1980 Romae
1034 1935 1165 1998 tempora

168 2027 307 2086 recidere.
328 2029 375 2085 1tt
391 2028 438 2084 ille
455 2027 670 2084 sceleratissimo
690 2027 842 2084 hmooinio
857 2027 1030 2102 expoliatus,
1053 2037 1163 2101 captus,

169 2130 366 2202 excruciatus,
395 2149 459 2206 quae
489 2131 627 2206 temporis
656 2129 732 2186 illius
759 2130 841 2186 fuere
863 2127 1023 2186 miserrima
1042 2135 1166 2204 quaeque
1218 2133 1219 2136 ’

169 2236 321 2309 perpessae
342 2244 403 2304 est,
433 2235 556 2309 eumque
574 2235 591 2290 i
610 2232 771 2292 latronibus
790 2243 929 2308 quattuor
948 2231 995 2288 die
1019 2243 1166 2305 noctuque

169 2337 382 2406 custodiretur,
402 2337 453 2411 qui
476 2355 610 2412 magnam
632 2337 669 2392 ab
686 2355 721 2392 eo
738 2336 927 2411 pecuniarum
947 2335 1005 2390 vim
1026 2333 1166 2410 efflagite-

168 2439 258 2509 baut,
286 2439 459 2515 intempesta
483 2451 568 2496 noete
587 2439 724 2496 custodiis
745 2457 868 2509 somno,
897 2438 1026 2513 vinoque
1048 2435 1165 2512 sepultis
1276 2446 1280 2452 ’

168 2559 256 2598 unam
280 2541 446 2598 interiorem
468 2541 520 2598 lini
541 2541 659 2598 indutas
682 2542 811 2598 tunicare
831 2539 917 2598 nudis
941 2539 1067 2618 pudibus
1088 2539 1166 2596 inea·

95 2698 97 2704 .
171 2645 241 2702 dens
261 2643 419 2714 fefellerat,
442 2656 471 2701 et
486 2645 588 2720 Tybur
607 2661 706 2702 versus
723 2656 841 2720 arrepto
861 2644 963 2700 itinere
982 2645 1012 2699 iu
1026 2641 1167 2700 Varronis

170 2748 265 2803 virum
281 2746 441 2822 aufugerat.
478 2747 523 2802 lbi
554 2747 685 2804 sarriente
706 2748 867 2822 pestilentia
884 2747 949 2803 elatu
974 2746 1068 2803 statim
1093 2763 1167 2802 eon-

171 2860 263 2906 tactus
286 2861 381 2920 esset,
407 2851 517 2925 oppido
542 2851 677 2924 ejicitur,
701 2863 729 2908 et
750 2853 781 2908 in
800 2869 900 2928 agrurn
926 2853 1091 2926 relegatus,
1116 2847 1168 2906 ubi

172 2952 318 3028 tuguriolo
343 2951 543 3028 angustissimo
566 2965 736 3024 contectus,
768 2957 833 3012 otim
860 2955 1003 3010 nerninem
1025 2953 1167 3022 baberet,

172 3055 223 3129 qrri
244 3055 290 3112 vel
319 3073 401 3129 aquae
428 3056 563 3112 lunatum
588 3056 846 3129 subministraret,
878 3057 1037 3114 miserrima
1070 3055 1169 3126 farne,

173 3157 277 3232 sitique
300 3158 399 3233 potins
427 3161 515 3234 quim
540 3161 636 3218 morli
666 3161 838 3218 tntculentia
867 3171 1017 3235 superatus
1050 3158 1169 3234 interlita·

174 3261 405 3318 Corumemorare
437 3275 533 3318 antem
563 3263 647 3320 vobis
675 3265 834 3339 plerosque
858 3261 929 3319 alios
953 3281 1087 3338 possem,
1118 3259 1169 3334 qui

174 3363 247 3420 adel>
275 3363 329 3420 bae
351 3375 426 3420 tetra
447 3367 512 3422 labe
541 3368 772 3437 contabuerunt,
803 3368 853 3424 sed
878 3366 948 3423 mibi
975 3373 1168 3432 succurrrmt,

63 3471 64 3474 ’
174 3466 222 3540 alij
244 3466 290 3522 vel
314 3466 413 3538 ferro,
435 3467 480 3524 vel
504 3467 666 3524 violentiori
696 3469 794 3544 aliquo
816 3467 918 3525 mortis
943 3486 1048 3545 genere
1072 3464 1171 3522 exani-

174 3569 264 3640 mati,
286 3587 412 3644 quorum
434 3582 541 3628 sortem
564 3590 649 3628 nemo
671 3589 732 3628 non
753 3571 941 3640 miserabilem
962 3569 1128 3626 arbitretur.

213 3671 365 3729 Hereum
388 3670 464 3729 enim
486 3671 597 3730 Srrozr
619 3686 678 3731 tarn
698 3677 829 3752 generis,
851 3661 939 3750 quim
954 3671 1062 3749 ingenii
1085 3670 1170 3727 nobi·
1198 3683 1315 3736 Hercules

176 3773 254 3830 litate
275 3774 389 3845 clarus,
417 3779 507 3833 Polite
528 3789 633 3833 nostro
650 3788 784 3853 ternpore
804 3793 866 3832 non
886 3775 1057 3845 incelebris,
1082 3774 1170 3850 qultn
1181 3751 1283 3803 SM·

174 3875 308 3932 luctuoso
327 3876 412 3932 nobis
435 3889 550 3952 ereptus
576 3879 702 3937 funere?
727 3884 804 3936 Dum
831 3880 907 3935 enim
928 3879 965 3935 ab
989 3878 1072 3935 amici
1092 3895 1171 3934 eoenu

176 3989 264 4034 noctu
285 3979 453 4035 sodomum
475 3982 651 4056 recipiebat,
672 3980 834 4053 Ferraria,
846 3983 918 4038 urbe
942 3982 1052 4056 patria,
1073 3981 1103 4036 in
1124 3980 1168 4036 la·
1284 3997 1288 4002 ’

175 4087 293 4136 tronum
315 4081 414 4138 incidit
435 4082 574 4158 globum,
598 4094 700 4140 eontra
722 4103 847 4159 quorum
871 4085 1010 4161 impetum
1033 4083 1170 4141 crudelis-

178 4182 280 4240 timum
312 4184 432 4246 sulutem
466 4202 548 4241 mam
582 4185 743 4244 defendere
773 4207 834 4244 non
864 4187 959 4264 potuit
971 4230 980 4260 ,
1018 4187 1171 4264 statimque
