3202 5168
261 4055 408 4108 Fraactseus

277 4123 400 4176 Acoltlals.

414 409 451 468 12
658 417 780 484 loannis
799 422 896 495 Pinarj
918 426 1100 496 Veientani,
1121 445 1158 482 nn

411 541 530 600 litudine
561 545 601 600 ita
633 546 801 617 contabuit,
834 559 867 604 ut
895 550 997 624 plenus
1027 551 1201 623 timoribus,
1232 563 1262 609 et
1287 552 1407 612 miseriis

411 647 482 702 nulli
503 647 638 723 deinceps
657 667 752 723 neque
779 650 929 725 cognitus,
951 671 1045 726 neque
1067 631 1144 710 visus
1168 633 1271 730 graui,
1293 657 1408 714 diutur-

410 766 506 823 naque
521 749 691 824 dysentari'a‘
701 761 820 808 vexatus
836 739 1017 816 ,occubuerit
1039 752 1265 832 clanculumque
1278 760 1320 816 'ab
1340 761 1408 817 hos-

411 853 470 930 pite
492 853 523 909 in
550 871 645 910 arcam
671 853 734 929 pice
752 855 871 912 oblitam
892 855 1017 914 inclusus
1032 877 1086 932 per
1105 859 1179 917 duos
1204 860 1293 917 ferme
1315 880 1408 919 annos

411 961 570 1035 insepultus
584 961 751 1015 adseruatus
765 971 819 1016 est.
830 961 932 1034 Neque
945 955 1086 1034 perpetua
1102 973 1197 1018 tamen
1212 963 1266 1020 fnit
1279 965 1407 1021 Matthiae
1436 965 1439 970 '

411 1063 497 1139 Regis
518 1063 697 1138 indignatio,
718 1062 769 1137 qui
791 1063 889 1136 aliquo
909 1074 975 1138 post
997 1067 1236 1138 tempore,'c1im
1257 1066 1340 1123 furor
1361 1067 1408 1122 ille

413 1166 623 1237 deferbuisset,
655 1166 692 1222 de
724 1155 797 1222 lino
830 1167 945 1223 demum
975 1167 1101 1242 cogitare
1126 1168 1208 1242 caepit
1220 1190 1229 1239 ;
1256 1168 1408 1227 mirificum

413 1270 488 1326 enim
504 1271 572 1325 huic
596 1257 770 1327 successerat
791 1272 859 1325 lani
883 1269 1075 1340 desiderium,
1097 1270 1208 1346 ,diuque
1233 1269 1272 1327 de*
1292 1263 1408 1329 homine

413 1384 618 1447 percontatus,
645 1374 710 1428 ciam
737 1371 861 1427 inueniri
889 1377 1032 1445 nusquam
1060 1365 1231 1447 reperisset,
1259 1376 1408 1449 praemium

414 1476 499 1531 etiam
523 1476 612 1531 indici
629 1475 801 1551 proposuit3
826 1473 959 1547 forteque
983 1475 1106 1544 accidit,
1130 1486 1163 1531 nt
1185 1478 1246 1532 Rex
1271 1477 1339 1553 ergh
1365 1477 1408 1534 rei

414 1599 500 1637 sacrae
518 1581 655 1653 templum
671 1566 702 1634 id
719 1565 872 1647 inuiseret,
893 1577 939 1634 cui
956 1581 1024 1634 Jaui
1037 1579 1140 1653 hospes
1159 1579 1309 1654 praefectus
1328 1591 1408 1653 erat,

415 1683 466 1756 qui
492 1683 530 1738 ad
551 1681 640 1762 Regis
653 1683 740 1756 pedes
760 1681 897 1737 accedens
919 1681 1031 1736 veniam
1055 1682 1135 1756 prius
1154 1682 1324 1756 deprecatus
1343 1695 1409 1754 est,

414 1788 496 1863 qubd
515 1788 586 1842 tanti
601 1786 685 1862 Regis
705 1787 816 1842 exulem
834 1786 912 1859 apud
930 1805 959 1842 se
979 1786 1145 1860 recepisset,
1166 1805 1224 1860 qua
1241 1783 1409 1860 impetrata,

415 1891 439 1948 si
459 1890 502 1946 vis
523 1890 638 1964 inquit,
661 1890 771 1958 bRex,
790 1892 889 1946 Jannn
910 1901 992 1945 tuum
1006 1890 1159 1960 inuenere,
1182 1891 1280 1946 diaetas
1296 1903 1410 1948 nostras

414 1979 537 2050 inuisere
557 2012 594 2048 ne
618 1993 766 2069 genueris,
795 1992 836 2048 ibi
859 1993 935 2048 enim
959 1997 1057 2050 Jannn
1083 1971 1161 2068 apud
1185 2013 1231 2050 me
1252 1994 1411 2050 latitantem

415 2096 622 2171 deprehendes.
646 2096 723 2152 Nihil
753 2108 884 2153 cantatus
902 2099 963 2152 Rex
987 2096 1136 2171 contiguas
1162 2099 1269 2171 templo
1289 2098 1410 2172 hospitis

415 2200 500 2255 huius
527 2199 601 2254 aedes
626 2198 805 2274 ingreditur,
836 2199 887 2274 qui
916 2210 1031 2255 ostenso
1060 2199 1101 2253 illi
1125 2199 1219 2274 ligneo
1247 2200 1411 2256 conditorio

416 2303 479 2376 pice
494 2289 617 2377 perlito,
639 2301 715 2358 etin
734 2305 802 2358 arce
818 2285 963 2358 familiaris
985 2303 1108 2376 speciem
1125 2303 1283 2358 fabrefacto
1304 2324 1311 2359 ε
1330 2303 1410 2374 Illic,

416 2405 524 2480 iuquit,
542 2409 559 2460 J
562 2424 631 2461 anus
648 2416 715 2460 tuns
727 2389 784 2459 iarn
797 2404 944 2462 biennium
958 2405 1112 2474 delitescit,
1135 2418 1163 2461 et
1181 2406 1238 2476 tui,
1258 2419 1286 2462 et
1299 2408 1412 2482 Regum

417 2507 544 2563 omnium
561 2525 688 2562 securus.
701 2509 797 2577 Quare
815 2517 843 2561 te
857 2508 998 2577 obsecro,
1023 2519 1056 2563 ut
1074 2509 1208 2582 promissi
1224 2509 1332 2584 praemij
1347 2500 1411 2565 loco

416 2609 525 2684 patiare
543 2620 654 2665 tantum
675 2610 800 2666 cadauer
818 2609 895 2679 eius,
915 2611 1110 2666 utPraesulem
1131 2612 1231 2682 decet,
1254 2611 1412 2670 honorifice

417 2713 537 2787 sepeliri.
552 2715 729 2770 Conversum
744 2725 786 2770 est
802 2715 886 2790 Regis
906 2715 1043 2790 gaudium
1063 2715 1093 2770 in
1108 2716 1314 2790 apertissimam
1329 2735 1412 2772 maes·

418 2817 526 2885 titiam,
545 2828 631 2891 atque
649 2817 887 2888 misericordiam,
902 2830 930 2873 et
945 2820 1058 2874 AEdituo
1073 2838 1133 2874 non
1146 2819 1257 2874 tannim
1272 2817 1412 2889 indulsit,

418 2932 450 2975 ut
475 2922 572 2975 lanan
603 2921 752 2994 sepeliret,
775 2921 876 2978 verum
897 2939 952 2994 pro
974 2921 1090 2991 officio,
1118 2932 1146 2976 et
1170 2923 1294 2996 pietate,
1326 2940 1413 2995 quam

418 3041 487 3098 erga
505 3026 603 3078 Janun
624 3023 803 3092 exhibuerat,
826 3043 891 3079 eum
908 3023 938 3079 in
952 3025 1078 3080 eiusdem
1098 3025 1239 3094 ecclesiae,
1259 3025 1305 3080 cui
1324 3028 1413 3081 lanus

418 3101 568 3176 praefectus
585 3102 701 3172 fuerat,
726 3103 902 3177 Episcopum
932 3104 1080 3178 surrogari
1102 3105 1280 3178 procurauit.
1310 3106 1413 3178 quue

419 3215 487 3260 ttinc
507 3204 623 3260 demum
640 3216 770 3280 tempore
785 3209 801 3262 J
805 3225 874 3262 anns
889 3205 973 3281 Regis
989 3207 1033 3262 sui
1047 3206 1158 3279 judicio
1172 3202 1339 3262 honestatus
1359 3215 1412 3275 est,

419 3326 479 3382 quo
495 3309 575 3363 nullo
594 3308 738 3394 honorum
756 3326 840 3364 sensu
862 3308 939 3364 affici
961 3320 1091 3384 poterat,
1105 3310 1183 3364 nulla
1201 3328 1297 3366 rernm
1310 3310 1414 3365 huma-

417 3429 521 3468 narum
543 3412 691 3486 voluptate
711 3413 832 3494 deliniri.

462 3514 587 3570 Finierat
615 3519 744 3585 Ponnro,
770 3536 927 3592 omnesque
952 3517 1100 3592 indignam
1128 3515 1246 3572 infelicis
1273 3514 1414 3572 Antistitis

417 3627 525 3672 sortem
547 3617 675 3673 miserari
697 3619 889 3690 uidebantur3
917 3632 1056 3694 erantque
1083 3619 1099 3674 ὲ
1125 3618 1249 3688 nostris,
1274 3616 1324 3692 qui
1348 3617 1414 3672 ciam

417 3721 631 3778 lucubrationes
647 3723 732 3778 huius
751 3722 952 3798 inspexissent,
973 3733 1001 3778 et
1018 3721 1202 3790 industriam,
1223 3732 1251 3776 et
1269 3720 1413 3794 ingenium

417 3824 540 3882 hominis
558 3825 635 3881 haud
653 3825 858 3900 improbarent.
879 3828 953 3881 Tum
972 3844 1026 3900 ego
1042 3842 1202 3880 sermonem
1223 3842 1319 3878 meum
1341 3839 1415 3877 cou-

419 3927 581 3984 tinuaturns
597 3931 664 3983 :An
677 3946 756 3998 non,
776 3928 913 4003 inquam,
932 3927 1007 3983 inter
1025 3927 1192 3983 calamitose
1214 3925 1298 3981 sortis
1318 3923 1414 3980 horni-

419 4048 470 4085 nes
495 4030 728 4087 adnumerandus
758 4030 843 4086 etiam
867 4041 910 4086 est
938 4032 1115 4086 Fuaucrscus
1136 4033 1309 4096 Aconrurs,
1338 4027 1418 4083 Petri

422 4132 586 4189 Cardinalis
605 4132 702 4207 patrui
727 4129 865 4188 beneficio
887 4132 1076 4188 Anconitatus
1095 4132 1213 4186 Praesul.
1236 4133 1368 4203 Namque
1391 4127 1415 4182 is

421 4237 540 4314 egregiae
557 4236 676 4305 indolis,
695 4246 724 4291 et
741 4234 876 4310 elegantis
895 4234 1061 4292 litteraturae
1079 4232 1193 4307 jnuenis
1213 4232 1339 4288 fatorum
1357 4229 1415 4306 pri-
