3202 5168
452 410 471 474 ll
526 448 528 456 ·
703 419 823 474 loturus
844 416 940 489 Pranrj
963 419 1142 487 vacuamur,
1164 437 1200 474 nr

450 548 591 629 graphum
614 545 772 615 inuitans,
800 556 829 600 et
855 546 978 601 Colotius
1003 563 1037 600 ex
1062 544 1166 600 itinere
1194 543 1284 600 fessus
1314 556 1379 617 est,
1407 548 1445 604 ab

450 649 542 705 bortis
566 650 641 730 enim
664 648 742 718 suis,
773 667 808 704 ex
830 648 952 722 pedibus
978 647 1063 702 etiam
1091 647 1249 716 laborans,
1279 648 1445 706 huchodie

450 753 537 829 venit,
554 756 771 808 Accesseramus
785 751 847 806 beri
860 751 898 806 ad
914 751 1102 807 Centarenum
1124 750 1261 821 Colotius,
1278 762 1307 806 et
1317 754 1447 810 loannes

449 856 590 912 Antonius
607 856 699 911 Pollio
720 872 852 923 mecum3
884 853 965 927 quod
987 852 1105 926 quidem
1121 871 1175 926 per
1192 853 1246 910 bos
1265 854 1349 925 dies,
1376 855 1444 929 qui-

448 947 503 1013 bus
527 950 672 1031 Princeps
694 957 777 1032 graui
804 955 877 1011 adeo
905 956 1068 1012 valetudine
1100 956 1258 1042 decubuit,
1279 957 1445 1016 otiosiorem

447 1055 531 1117 hunc‘
548 1060 625 1115 nacti
648 1059 826 1134 frequentiis
848 1058 1027 1129 leceramus3
1057 1060 1205 1138 multaque
1225 1060 1301 1116 inter
1329 1049 1390 1116 alia
1408 1060 1444 1116 de

447 1162 572 1233 litteris,
599 1173 628 1218 et
655 1163 791 1220 litteratis·
810 1181 864 1237 per
891 1175 1124 1236 unamquamque
1154 1173 1266 1218 aetatem
1289 1181 1443 1238 percurre·

448 1275 554 1321 ramus.
579 1267 626 1322 Ad
648 1266 707 1321 haec
730 1265 880 1340 quaesitum
904 1265 922 1320 i
945 1265 1135 1321 declinatione
1156 1264 1273 1339 Imperij
1301 1267 1443 1336 Romani,

448 1387 579 1442 quaenam
601 1379 671 1424 ‘aetas
694 1368 794 1424 litteris
817 1368 906 1443 inagis
927 1367 1030 1424 florere
1053 1367 1114 1424 risa
1137 1367 1242 1438 fuerit,
1269 1385 1363 1443 neque
1386 1369 1445 1424 ulla

448 1457 594 1546 comperta
614 1481 672 1540 est,
695 1489 757 1545 quae
781 1471 904 1544 tempori
924 1489 1000 1525 nunc
1019 1471 1143 1526 elabanti
1163 1463 1348 1527 anteferenda
1365 1471 1445 1529 vide·

384 1556 385 1562 ἵ
447 1573 536 1630 retur.
562 1577 634 1631 Tam
666 1575 736 1629 clari
764 1574 956 1649 octuagesimo
986 1574 1089 1629 abhinc
1116 1592 1193 1630 anno
1222 1571 1278 1628 viri
1303 1565 1445 1645 ertitere',

449 1679 499 1751 qtai
521 1689 632 1732 certare
656 1677 930 1751 cuin'antiquitate,
955 1677 1001 1751 alij
1025 1677 1161 1752 ingenio,
1185 1677 1231 1750 alij
1259 1665 1445 1747 eruditione,

448 1780 495 1854 alij
520 1781 683 1854 eloquentia
707 1779 933 1854 comperiuntur.
968 1780 1098 1854 Cumque
1119 1780 1275 1836 ‹leuentum
1306 1791 1380 1837 esset
1407 1781 1444 1836 ad

448 1887 548 1938 ebrum
573 1884 837 1952 nomenclaturam,
868 1884 955 1938 urbes
983 1883 1043 1938 aliae
1064 1883 1112 1939 vix
1135 1902 1249 1953 unum,
1274 1895 1324 1938 aut
1348 1885 1444 1952 duos,

447 1999 497 2041 aut
516 1999 574 2043 tres
595 1987 632 2044 ad
650 2006 792 2042 summum
811 1986 944 2042 habuisse
963 1986 1235 2060 deprendebantur,
1251 2004 1325 2060 quos
1341 1986 1372 2042 in
1389 1987 1445 2046 boc

448 2091 546 2145 album
565 2089 672 2146 referre
694 2108 854 2164 congruum
871 2089 1041 2159 'videretur3
1062 2089 1165 2144 urbem
1186 2100 1281 2144 autem
1305 2091 1444 2158 Romam,

446 2204 548 2267 utpote
575 2212 755 2250 communem
779 2193 857 2250 orbis
884 2193 972 2248 totius
999 2192 1141 2266 patriam,
1169 2192 1209 2248 ita
1239 2181 1445 2248 Litteratorum

448 2297 531 2370 copia
552 2296 694 2366 fertilem,
725 2307 754 2352 et
773 2295 968 2351 abundantem
987 2294 1194 2365 intuebamur3
1219 2293 1277 2350 sive
1294 2295 1356 2369 ipsa
1376 2313 1444 2351 suos

449 2401 626 2468 ostentaret,
657 2399 715 2456 sive
734 2397 916 2474 'peregrinos
944 2399 1053 2473 gremio
1083 2409 1230 2472 susceptos
1264 2398 1383 2468 aluisse,
1416 2409 1446 2454 et

446 2503 522 2558 inter
550 2501 618 2558 suos
640 2502 743 2559 fovisse
766 2499 958 2578 gloriaretur3
987 2513 1021 2557 ut
1048 2502 1080 2556 in
1103 2520 1137 2557 ea
1162 2501 1224 2576 ipsa
1249 2502 1364 2558 demum
1391 2519 1445 2576 per

447 2603 538 2660 annos
552 2605 663 2679 aliquot
681 2606 773 2660 maior
786 2606 991 2661 Litteratorum
1004 2616 1162 2678 prouentus
1179 2604 1285 2674 merit,
1305 2604 1392 2679 quim
1414 2604 1446 2659 in

446 2707 559 2780 reliqua
580 2709 716 2763 uniuersa
740 2693 833 2764 Italia.
865 2711 931 2779 Quo
956 2707 1125 2763 constituto
1139 2706 1328 2782 interrogauit
1341 2689 1451 2763 ‘Pollio¹

450 2810 667 2880 Cornutorum,
698 2829 735 2866 an
757 2828 792 2865 eo
815 2810 879 2884 ipso
900 2809 1013 2866 iudicio
1033 2822 1132 2880 essct,
1161 2811 1264 2884 etqui
1288 2811 1445 2878 multorum

448 2930 543 2967 mores
556 2908 717 2967 ¹bominum
743 2899 949 2987 cognovisset,
972 2914 1117 2987 urbesque
1142 2905 1170 2968 e't
1197 2913 1327 2969 rmtioues
1351 2912 1444 2968 varias

447 3015 667 3089 perlustrasset,
691 3014 730 3069 ita
752 3019 842 3069 necne
863 3033 922 3071 esse
950 3016 1152 3089 comperisset·
1172 3017 1239 3085 Quo
1264 3014 1305 3070 ita
1327 3013 1446 3088 quidem

447 3135 507 3172 ossc
528 3116 709 3187 affirmante,
733 3116 864 3191 quaesiuit
886 3117 1004 3193 insuper
1023 3137 1058 3174 ex
1079 3137 1135 3188 eo,
1153 3127 1293 3192 quantum
1308 3117 1445 3174 Romanis

447 3219 637 3276 delectaretur
655 3219 798 3296 ingeniis,
827 3238 914 3295 quem
939 3240 1041 3289 usum,
1063 3221 1117 3276 'aut
1138 3219 1265 3276 fructum
1284 3240 1319 3276 ex
1344 3238 1445 3277 eorum

447 3323 654 3380 consuetudine
672 3324 841 3399 perciperet.
857 3326 911 3381 Hic
928 3326 1119 3380 Coursrrrtus
1136 3323 1362 3398 profundissimo
1381 3342 1446 3380 sus-

445 3427 522 3501 pirio
544 3427 648 3496 ducto,
669 3427 790 3482 mullum
803 3419 973 3498 mehercle,
985 3427 1096 3501 inquit,
1112 3437 1224 3501 tempus
1241 3427 1309 3497 tuit,
1328 3444 1363 3483 ex
1384 3445 1444 3501 quo

445 3521 620 3586 Litterarum
642 3529 743 3586 studiis
766 3529 904 3586 ¹delectari
917 3529 1004 3605 caepi,
1026 3540 1060 3585 ut
1078 3547 1138 3585 non
1152 3531 1208 3585 boc
1221 3549 1311 3586 unum
1322 3529 1445 3586 maxime

445 3632 657 3706 concupierim,
680 3634 858 3688 occasionem
878 3632 1034 3707 aliquando
1051 3633 1120 3688 mihi
1142 3632 1206 3687 dari
1229 3634 1349 3689 Romam
1367 3632 1445 3687 inui-

446 3735 549 3805 sendi,
584 3747 618 3790 ut
648 3735 717 3811 quoe'
742 3735 788 3790 hic
819 3735 922 3791 florere
952 3735 1067 3810 ingenia
1090 3735 1218 3791 omnium
1241 3735 1445 3809 praedicatione

446 3855 628 3912 acceperam,
644 3857 767 3912 praesens
781 3837 967 3913 inspicerem
984 3849 1012 3893 et
1025 3837 1202 3912 optatissima
1216 3857 1317 3893 eorum
1330 3836 1444 3892 fruerer

446 3939 663 3998 consuetudine.
698 3941 811 3996 Accidit
844 3952 939 3996 autem
971 3941 1119 4016 superiore
1146 3959 1243 4010 anno,
1276 3951 1309 3995 ut
1332 3941 1381 3995 rix
1407 3941 1445 3995 ad

446 4045 583 4100 Senatum
607 4061 703 4098 meum
728 4043 873 4098 retulerim
894 4044 930 4098 de
951 4043 1005 4112 iis,
1030 4062 1092 4117 quae
1114 4045 1144 4098 in
1159 4045 1286 4117 Hispana
1303 4042 1447 4118 legatione

445 4145 523 4224 apud
545 4147 679 4204 Carolum
705 4149 845 4204 Caesarem
872 4163 1031 4224 gesseram,
1055 4148 1119 4203 clun
1143 4165 1188 4204 me
1210 4157 1325 4224 patres,
1354 4145 1446 4203 ciues-
