3202 5168
436 415 476 490 46
681 425 802 479 Joirurs
821 417 918 493 Pressj
939 411 1116 486 vicenum,
1138 430 1175 472 ut
1237 413 1242 422 '

436 571 496 608 una
516 549 638 606 maximi
657 550 805 619 omnium,
829 550 888 604 haec
909 548 971 622 ipsa
990 548 1127 621 inquam,
1148 546 1199 603 ubi
1215 565 1291 604 nune
1309 537 1407 604 sumus
1417 590 1428 618 ,

436 656 561 711 duorum
583 664 648 709 ante
670 653 746 708 diem
765 637 930 726 ereptorum
951 650 1174 706 adolescentium
1195 650 1297 706 funere
1315 651 1429 708 desola-

435 756 543 813 tissima
566 755 718 811 videatur?
740 754 799 809 scio
819 771 864 808 me
887 743 925 809 ad
947 745 1051 808 horum
1074 752 1241 810 memoriam
1261 754 1344 810 vobis
1360 773 1426 811 om-

439 859 535 928 nihus,
560 871 590 915 et
608 858 663 932 ipsi
682 877 747 913 cum
768 857 866 932 primis
880 859 965 912 Petro
984 858 1094 912 Metabo
1114 856 1197 912 fratri
1215 856 1428 913 refricationem

441 963 583 1017 vulnerum
610 962 735 1031 aslerre,
767 961 818 1017 sed
851 960 988 1035 quoniam
1017 978 1050 1014 ea
1083 960 1119 1015 de
1150 979 1235 1016 causa
1262 961 1309 1016 hic
1338 961 1426 1018 hodie

432 1083 550 1134 sumus,
581 1077 615 1120 ut
648 1065 768 1120 maxime
803 1065 971 1132 doleamus,
997 1073 1036 1118 ¹et
1069 1064 1219 1138 ademptus
1249 1064 1334 1120 nobis
1366 1076 1427 1120 tarn'

432 1167 629 1224 excellentium
662 1168 812 1223 hominum
848 1166 1068 1222 consuetudines
1101 1167 1283 1240 deploremus¹
1299 1187 1321 1237 ,·
1343 1168 1425 1225 cuius

431 1270 552 1325 obsecro
569 1270 670 1326 funere
690 1269 779 1344 magis
791 1269 971 1337 exacerbari,
990 1286 1112 1342 quemue
1128 1268 1217 1344 magis
1236 1268 1342 1326 deflere
1356 1289 1427 1345 pos-

431 1390 529 1428 sumus
540 1414 549 1442 ,
573 1373 661 1448 quiam
679 1373 862 1427 immaturum
885 1371 1010 1427 duorum
1030 1372 1204 1426 Melinorum
1226 1372 1361 1428 obitum?

276 1487 410 1560 limus.
470 1476 630 1548 Ecquando
644 1475 718 1530 enim
734 1477 907 1531 Hrnnorsrur
923 1474 1120 1530 dememinisse
1139 1476 1313 1548 poterimus,
1338 1494 1425 1550 quem

276 1573 337 1607 Μ·
432 1577 469 1633 ad
500 1577 650 1633 maximam
676 1577 804 1653 ingenij,
832 1585 860 1634 et
885 1578 1042 1652 litteratmn
1070 1575 1183 1633 laudem
1211 1578 1339 1652 genitum
1365 1577 1424 1634 fata

431 1681 515 1737 nobis
535 1685 640 1754 quarto
664 1691 692 1735 ct
718 1680 854 1754 vigesimo
882 1680 970 1734 aetatis
995 1670 1150 1736 anno'tam
1172 1679 1280 1754 longa,
1307 1689 1428 1754 tamque

432 1783 579 1840 cruciabili
598 1783 761 1838 valetudine
780 1793 913 1837 vexatum
932 1781 1088 1837 inuidere?

471 1888 527 1944 Sed
548 1886 618 1960 quid
635 1886 774 1958 maestius,
795 1884 973 1958 flebiliusque
988 1884 1082 1939 multis
1097 1884 1200 1939 abhinc
1221 1885 1303 1940 annis
1320 1884 1424 1941 accidit

309 2005 393 2060 cela„
431 1990 568 2046 Romanis
590 1989 681 2057 Viris,
697 1988 783 2063 quiam
802 1989 886 2060 Cassi
904 1987 989 2041 huius
1011 1986 1137 2062 germani
1158 1986 1254 2042 fratris
1272 1987 1423 2058 interitus,

275 2071 394 2128 Melinos.
431 2093 482 2166 qui
507 2103 564 2147 tam
591 2091 687 2166 magni
714 2090 836 2145 nominis
869 2090 1053 2158 adolescens,
1081 2090 1212 2162 quamuis
1242 2089 1273 2144 in
1301 2108 1335 2145 ea
1361 2101 1424 2146 erat

430 2206 532 2264 aetate,
557 2214 619 2269 quae
642 2212 745 2268 magna
769 2191 899 2266 polliceri
924 2192 1040 2266 potius,
1064 2193 1151 2266 quim
1175 2203 1311 2267 prestare
1331 2194 1422 2264 solet,

429 2297 645 2372 undeuigesimo
668 2307 764 2350 tamen
783 2294 872 2350 aetatis
894 2313 1022 2349 ennoea
1040 2295 1076 2350 de
1097 2313 1127 2350 se
1149 2296 1311 2369 praebuerat
1328 2314 1425 2351 exem-

428 2401 492 2473 pla,
513 2411 547 2454 ut
567 2419 627 2455 non
646 2389 788 2454 immerito
807 2397 881 2454 benis
900 2398 1039 2453 litteratos
1058 2398 1133 2452 inter
1151 2400 1294 2454 recenseri
1315 2409 1421 2474 posset,

429 2505 522 2570 Nam,
547 2502 627 2574 quod
649 2521 747 2557 omnes
772 2503 881 2571 nostis,
908 2511 936 2557 et
955 2493 1161 2575 Plzilbsoplticis
1180 2487 1424 2575 disputationibus

429 2603 543 2678 publice
577 2603 691 2659 laudem
722 2604 824 2678 saepius
851 2605 1027 2672 adsecutus,
1068 2614 1096 2658 et
1117 2603 1157 2657 ‘in
1182 2604 1293 2678 agenda
1322 2615 1425 2660 contra

429 2705 600 2780 Longolium
618 2724 717 2774 causa,
740 2707 820 2780 quod
845 2725 910 2761 eum
929 2706 1043 2761 ciuitate
1066 2708 1195 2760 Romana
1217 2706 1320 2761 donari
1340 2718 1424 2761 veta·

428 2809 492 2877 bat,
514 2808 565 2881 qui
582 2811 743 2863 Romanum
765 2829 890 2878 nomen,
912 2821 999 2882 atque
1016 2809 1089 2863 adeo
1110 2808 1198 2864 totius
1222 2808 1310 2863 ltaliae
1336 2809 1425 2865 decus

428 2910 648 2966 mordacissimis
668 2911 847 2967 orationibus
869 2911 1055 2986 possidebat,
1080 2923 1108 2965 et
1125 2912 1280 2966 obscurare
1302 2923 1425 2968 conatus

429 3023 511 3081 erat,
539 3013 732 3082 vehementis,
765 3025 793 3068 et
823 3014 961 3089 ingeniosi
991 3014 1119 3070 Oratoris
1145 3015 1424 3070 commendationem

430 3115 550 3189 adeptus
574 3128 634 3196 est,
664 3117 768 3173 Leonis
787 3119 900 3174 Decimi
919 3120 1002 3173 Pont.
1027 3119 1114 3172 Max.
1139 3128 1166 3172 et
1191 3117 1278 3172 totius
1302 3119 1426 3174 Senatus

430 3217 650 3292 approbatione.
668 3219 770 3275 Paucis
794 3232 889 3275 tamen
909 3230 976 3294 post
995 3219 1114 3286 diebus,
1138 3219 1206 3274 dum
1225 3221 1242 3274 a
1263 3219 1423 3290 Pontr'fice,

431 3321 482 3394 qui
505 3332 566 3375 tum
590 3332 669 3376 extra
690 3322 793 3377 urbem
814 3323 932 3390 aberat,
956 3321 1122 3394 subscriptis
1143 3321 1305 3396 largissimae
1328 3323 1425 3376 doua-

432 3423 516 3480 tionis
539 3423 640 3478 libellis
657 3424 872 3499 expeditissimis
889 3424 1037 3480 itineribus
1058 3424 1177 3478 domum
1196 3423 1327 3480 inscenso
1346 3442 1425 3498 equo

431 3526 604 3582 connectitio
630 3527 725 3597 redit,
758 3545 893 3602 magnum
917 3527 972 3606 hoc
1001 3526 1168 3599 parentibus
1190 3526 1329 3601 gaudium
1350 3528 1424 3582 alla-

431 3639 536 3699 turus,
558 3630 644 3685 tertio
665 3631 702 3685 ab
726 3631 800 3685 urbe*
818 3629 932 3703 lapide,
956 3627 1048 3683 noctis
1071 3628 1142 3682 hora
1164 3627 1277 3683 circiter
1297 3642 1423 3703 quarta,

430 3733 498 3787 caelo
519 3733 640 3807 pluuio,
665 3750 731 3787 aere
751 3744 829 3788 tanta
852 3731 971 3806 caligine
991 3731 1161 3799 obfuscato,
1190 3741 1224 3785 ut
1242 3748 1338 3804 neque
1362 3731 1425 3806 ipse

430 3834 546 3889 comites
564 3835 643 3889 iuxta
660 3845 807 3889 currentes
827 3843 974 3901 cerneret,
993 3851 1087 3906 neque
1103 3833 1139 3886 ab
1160 3850 1261 3888 eorum
1279 3833 1340 3888 nllo
1361 3851 1425 3889 cer·

430 3947 567 4005 necetur,
591 3937 621 3990 in
649 3948 807 3992 torrentem
835 3935 1009 4009 repentinis,
1036 3934 1127 4006 iisque
1150 3933 1327 3991 esfmissimis
1349 3954 1422 3992 auc-

430 4050 491 4093 tum
507 4038 646 4093 imbribus
661 4040 719 4094 uni
740 4058 805 4094 cum
824 4057 916 4112 equo,
935 4057 994 4112 quo
1015 4037 1173 4106 ferebatur,
1192 4036 1387 4112 praecipitatus
1407 4037 1423 4092 si

428 4140 548 4215 vestigio
564 4139 721 4198 suffocatus
739 4151 791 4196 est.
