3186 5166
336 431 568 488 errrnrorca
588 431 804 486 lnrccrcrcrrc.
847 431 909 486 Lib'.
932 432 988 487 11.'
1106 429 1144 493 ll

151 557 269 615 auditor
298 567 411 614 tantum
442 555 631 631 proiecerat,
661 567 696 612 ut
726 567 754 611 et
773 557 952 632 eleganter,
984 567 1012 613 et
1043 560 1146 616 acriter

152 661 342 731 declamaret,
373 670 402 715 et
423 677 522 716 versus
542 660 605 728 non'
625 658 763 734 illepidos,
776 659 891 714 faceret.
930 660 976 716 Ad
1012 661 1150 726 ΡΙιὲΙοεω

146 762 251 838 pilioni
273 781 360 831 mox,
383 773 412 816 et
435 761 661 816 Mathematicus
682 762 809 818 studium
828 781 912 818 omne
938 783 1024 819 suum·
1043 777 1152 820 contu-2

151 865 248 936 lerat,
279 866 344 920 cbm
368 875 450 938 pater
472 863 651 937 inexplebilis
682 863 808 926 auaritiae
833 883 958 939 gurges,
982 865 1145 940 disciplinas

150 967 208 1022 bas¹
230 977 417 1040 aspernatus,
445 977 473 1020 et
498 977 532 1021 ut
556 965 670 1034 inutiles
688 964 884 1036 detestatus,
907 967 972 1022 cirin
991 969 1145 1044 plerosque

152 1070 223 1125 alios
245 1069 364 1124 haberet
382 1067 478 1138 filios,
505 1069 686 1133 usumhunc
705 1080 793 1126 tantae
816 1069 847 1124 in
866 1070 1026 1128 litterarum
1045 1071 1153 1128 studiis·

151 1170 212 1246 spei
240 1147 278 1227 ad
302 1175 493 1226 mercaturam
517 1171 663 1226 retrahere
686 1183 825 1242 conatus,
850 1171 973 1244 inuitum
995 1173 1036 1228 ad,
1058 1175 1153 1249 ephe-³

152 1272 275 1330 merides
293 1273 459 1347 impulerat,
477 1275 542 1328 cbm
563 1284 659 1329 tamen
677 1272 724 1328 ille
744 1272 817 1330 clam
834 1284 862 1328 et
880 1275 1023 1332 bonarum
1041 1276 1145 1332 artium

152 1376 253 1433 studiis
281 1375 484 1445 incumberet,
512 1387 542 1431 et
559 1375 662 1444 ‘inuito
683 1385 765 1450 patre
783 1375 945 1450 proliceret.
978 1377 1090 1436 Accidit
1113 1391 1145 1436 ut

151 1481 318 1535 leonardus
344 1478 477 1534 sacerdos
496 1477 667 1547 cardinalis
685 1479 842 1552 Ageneasr's
865 1481 1145 1556 Bortolorneiipsius

150 1592 304 1656 germanus
327 1579 417 1636 frater
443 1597 503 1634 non
533 1578 651 1654 ignarus
676 1579 806 1654 ingenij,
839 1598 899 1653 quo
922 1582 1059 1656 prae'ditus
1083 1596 1154 1640 erat·
1178 1632 1183 1640 ,

150 1681 335 1750 adolescens,
357 1681 511 1739 subuenire
532 1681 593 1753 illi,
614 1692 642 1737 et
661 1681 824 1738 ¹necessaria
845 1683 1061 1741 subministrare
1080 1686 1155 1742 des·

151 1769 268 1855 tinarit,
296 1783 628 1858 mercatusquemunus
650 1785 817 1857 Rontrflcias
840 1785 948 1842 litteras
977 1787 1154 1860 scribundi‚¹

149 1887 181 1943 id
200 1887 232 1941 in¹
250 1903 315 1942 eum
333 1885 488 1942 collaturus
513 1897 585 1942 erat.
609 1886 700 1944 Simul
721 1887 751 1943 id
774 1886 870 1944 olfecit
898 1899 998 1963 pater,
1026 1890 1145 1948 fratrem

151 1988 334 2064 aggreditur,
361 1987 422 2062 quis
448 1999 494 2043 eat
516 1987 662 2062 perditum
683 1987 892 2045 adolescentem
912 1990 1064 2066 increpat,
1093 1995 1145 2067 qui

151 2089 201 2146 tali
232 2101 345 2146 auctus·
364 2089 498 2164 peculio,
525 2089 565 2148 sit
586 2088 689 2145 ¹omnia
716 2090 749 2146 iu
780 2091 920 2166 sophistas
948 2105 1165 2170 erogaturusp

150 2191 357 2267 peruicitque,
384 2202 418 2246 ut
452 2193 642 2261 Leouorslus,
676 2190 728 2266 qui
756 2195 1017 2270 prater1aliquam
1049 2198 1145 2273 legum

105 2365 109 2372 Δ
150 2293 317 2350 memoriam
333 2311 453 2368 parum.
466 2293 585 2352 ulterius
605 2293 733 2368 sapiebat
755 2295 923 2352 auarissimo
947 2298 1031 2354 fratri
1057 2299 1154 2356 fidem

150 2396 311 2468 adhibens,
333 2397 364 2453 in
392 2415 458 2452 eum
482 2415 587 2452 munus
610 2395 640 2452 id
663 2396 822 2454 diuerterit.
850 2401 915 2468 Qua
941 2419 990 2474 spe
1016 2401 1153 2474 dejectus

149 2498 357 2556 infelicissimus
382 2496 547 2554 adolescens
571 2507 651 2554 tauta
675 2499 765 2573 patris
789 2499 896 2556 duritia
921 2501 1068 2566 offensus.
1093 2505 1153 2560 ab-·

148 2599 224 2674 jecta
251 2601 329 2657 omni
361 2598 531 2676 proficiendi
562 2617 635 2675 spe,
665 2619 756 2657 uxore
788 2601 964 2673 nobilissima
984 2645 1000 2675 ,.
1026 2606 1154 2682 egregiae·

149 2703 267 2773 lormae,
289 2703 378 2759 atatis
399 2701 507 2762 flomdae
518 2713 533 2772 ,'
545 2701 796 2778 incorruptissimas
807 2704 972 2778 pudicitiae,
991 2719 1020 2762 et
1039 2710 1144 2765 amoris

148 2805 179 2860 in
195 2803 329 2861 maritum
350 2803 600 2878 incomparabilis,
618 2823 684 2862 cum
701 2789 804 2876 fifiota,
824 2825 911 2880 qnam
937 2827 1030 2883 nuper
1047 2828 1081 2865 ex
1111 2830 1153 2867 ea-

151 2919 334 2982 susceperat,
356 2907 517 2978 derelictis,
537 2907 568 2962 in
588 2907 717 2962 militiam
740 2907 778 2962 ad
802 2910 923 2965 Venetos
942 2910 1149 2985 proficiscitur.-

150 3009 188 3066 Et
207 3009 285 3066 baud
306 3009 346 3066 ita
368 3009 460 3064 multo
482 3021 605 3084 poster
630 3009 722 3065 otiosa
747 3008 805 3065 vita
828 3009 859 3064 in
883 2989 1145 3072 labioriosissimam

151 3111 299 3186 repentina
320 3110 486 3182 mutatione,
502 3091 717 3186 tranbgressns,
748 3121 806 3167 tam
827 3112 866 3168 ob
888 3113 1015 3172 insolitas
1038 3118 1146 3174 exerci-

52 3201 56 3206 ’
152 3213 292 3284 tationes,
310 3227 388 3286 'quas
408 3230 468 3267 non
487 3211 633 3287 ignauitur
654 3212 772 3284 obibat,
799 3217 886 3288 quam
906 3216 944 3271 ob
965 3218 1145 3276 edacissimas

152 3332 252 3384 curas,
274 3325 304 3392 et
326 3313 522 3389 egritudinem
544 3328 579 3368 ex
599 3315 943 3372 rerum'necessariarum
966 3331 1090 3394 egestate
1114 3321 1155 3376 in'

153 3417 286 3472 lethalem
310 3415 411 3472 incidit
436 3415 579 3496 morbum.
594 3417 711 3489 ¹Neque.
738 3415 777 3471 sic
800 3428 894 3472 motus
922 3431 1027 3494 pater,
1060 3434 1097 3477 ut.
1114 3421 1152 3478 in·

152 3530 277 3576 extrema
297 3517 394 3592 inopia
410 3517 619 3592 probatissimo
633 3516 692 3574 filio
711 3519 896 3590 subueniret,
918 3521 1144 3597 supplicantibus

151 3621 272 3694 amicis,
306 3631 334 3676 et
368 3619 584 3696 consanguineis
613 3620 774 3690 omnibus,
813 3640 849 3676 ne
880 3633 977 3678 tantus
993 3625 1150 3698 probitatis

151 3723 243 3782 titium
271 3723 365 3798 petire
402 3722 516 3779 dceret.
555 3727 604 3780 Jo.
618 3710 769 3798 ''Baptisttc
801 3724 916 3781 demum
937 3725 995 3788 ,vix
1028 3726 1144 3783 tertium

152 3838 181 3884 et
205 3825 387 3902 vigesimum·
404 3841 534 3900 egressus
562 3842 687 3895 annum,
709 3830 817 3884 -Asutoe
847 3824 937 3883 vitam
963 3826 1036 3884 finiit
1068 3829 1145 3886 infe-

152 3927 335 3997 licissimam,
352 3945 414 3982 non
441 3926 539 3982 attam
553 3928 602 3983 ob.
620 3945 734 3983 causam
763 3929 800 3996 ab
829 3925 1031 3985 immanissimo
1061 3945 1143 4006 patre

153 4028 327 4099 destitutus,
364 4028 513 4102 abjectus,
546 4038 579 4084 et·
606 4027 818 4104 propemodum
849 4029 1065 4103 exhaeredatus,
1090 4035 1145 4091 nisi

93 4181 95 4186 ,
153 4131 221 4205 quia
253 4131 415 4188 litterarum
432 4131 578 4201 studiis,
615 4143 644 4187 et
670 4131 710 4186 Iin
749 4131 828 4188 omni
868 4133 1006 4192 nautum
1040 4155 1153 4212 genere·

156 4231 267 4324 erudiri
294 4214 488 4310 concupierat.
523 4235 593 4291 Erat
622 4234 691 4290 verb
719 4237 914 4294 Bartclomeus
942 4237 966 4294 is
993 4251 1143 4316 postremae
