3202 5168
358 422 590 476 errnnsronurt
610 417 827 472 lmnrcrrara.
868 411 932 482 Lib.
954 412 994 468 11.
1129 399 1169 474 47

179 585 183 596 .
224 551 291 623 Ipse
315 547 385 604 rerd
411 549 578 604 Lonoouus
601 542 716 618 patria,
737 553 770 598 ut
795 541 856 616 ipse
879 541 916 596 de
942 557 972 596 se
995 536 1323 618 profitetur,bmgoltus.
1410 603 1412 608 ¹
1435 519 1438 526 Ι

177 653 437 726 Germanogallus,
469 649 636 704 Italicarum
664 657 780 714 tamen,
814 647 1036 717 Graecommque
1060 641 1170 697 littera-

174 765 259 824 tum,
278 765 307 810 et
327 753 433 808 artium
454 751 555 808 stutfiis
577 748 739 824 expolitus,
766 758 795 804 et
812 745 939 802 oratoria
959 745 1016 800 iam
1034 744 1169 820 facultate

174 857 288 926 clarus,
311 855 384 920 dum
402 854 524 934 Potour'j
541 851 693 908 maximam
711 851 747 908 de
766 869 798 909 se
824 849 1050 924 expectationem
1074 848 1171 904 conci·

175 969 269 1028 tarat,
291 958 445 1014 immaturo
463 966 622 1031 prereptus
642 953 764 1022 funere,
784 971 847 1026 quae
871 952 960 1007 multa
982 962 1010 1008 et
1029 951 1174 1026 elegantia

174 1060 353 1136 parturiebat
371 1076 477 1134 opera,
498 1055 686 1122 intermittere
707 1066 823 1112 coactus
841 1055 920 1124 nullo
939 1055 1028 1130 magis
1045 1054 1170 1112 indoluit

173 1162 380 1232 incommodo,
408 1161 552 1236 quirnea
577 1159 685 1226 autferri
712 1169 860 1233 tempore,
888 1177 947 1232 quo
973 1157 1027 1213 iter
1054 1158 1118 1222 sibi,
1132 1158 1170 1216 ad

172 1266 363 1321 immortalem
386 1263 506 1340 gloriam
526 1263 693 1347 patefecisse
714 1281 775 1318 non
794 1261 900 1318 temere
922 1279 1091 1336 persuasum
1113 1262 1169 1316 ba-

173 1369 279 1438 bebat,
310 1379 338 1425 et
366 1379 435 1432 tunc
460 1368 578 1444 indigne
609 1366 795 1435 concideret,
824 1383 890 1420 cum
921 1375 1039 1438 speratae
1068 1364 1169 1438 palme

174 1489 290 1542 cursum
313 1453 569 1546 plerisque-longo
591 1479 658 1544 post
681 1446 713 1524 se
731 1467 884 1524 interuallo
910 1467 1016 1524 relictis
1035 1467 1093 1526 iam
1112 1466 1170 1522 iam
1219 1487 1232 1496 ·

174 1592 205 1632 se
239 1575 439 1639 absoluturum
469 1573 675 1630 arbitrabatur,
715 1569 867 1635 Affliserat
898 1570 1026 1626 omniurn
1058 1569 1170 1627 animos

101 1677 104 1684 ‘
176 1679 253 1738 Celsi
270 1676 453 1746 recordatio,
474 1693 567 1749 eoque
586 1673 677 1750 magis
686 1713 699 1744 ,-
721 1673 801 1747 qubd
821 1677 922 1728 Petrus
940 1672 1030 1730 irater
1052 1671 1168 1728 notabi-
1250 1717 1252 1724 .

174 1779 239 1836 liter
258 1779 425 1856 expalluisse
445 1779 533 1848 visus,
552 1779 592 1833 ita
611 1779 726 1848 nunus,
746 1777 827 1850 qnod
848 1776 904 1832 iam
924 1775 1036 1832 circiter
1055 1787 1170 1851 septen·

174 1883 255 1938 nium
275 1883 464 1952 occalluerat,
494 1882 695 1937 recrudescere
727 1880 845 1948 visum,
871 1890 900 1934 et
929 1881 1055 1953 quadam
1080 1879 1170 1936 veluti

175 1985 388 2061 Suppuratione
408 1984 582 2054 exacerbari.
606 1984 694 2055 Quod
718 2001 784 2040 cum
802 1982 966 2040 cattaneus
985 1981 1170 2038 animaduer-

176 2087 271 2158 tisset,
289 2099 323 2144 ut
342 2087 500 2144 amicorum
525 2087 635 2142 animos
657 2085 714 2141 alib
735 2085 914 2150 diuerteret.:

187 2241 190 2248 .
213 2193 253 2246 At
270 2201 355 2260 sunt,
375 2190 488 2264 iuquit,
508 2189 539 2244 in
555 2189 611 2244 boc
631 2207 736 2264 genere
756 2187 812 2243 mei
825 2205 950 2261 'quoque
970 2188 1079 2257 luctus,
1097 2207 1171 2262 quo-

173 2291 252 2348 niam
274 2293 311 2349 de
330 2293 365 2349 iis
387 2304 429 2350 est
449 2311 564 2363 sermo,
590 2291 642 2366 qui
664 2290 783 2347 iuuenes
807 2289 961 2346 desiderati
982 2302 1068 2360 sunt;
1098 2292 1175 2365 quid·

175 2394 251 2452 enim
271 2413 325 2471 ego
346 2396 440 2452 dicam
460 2395 498 2450 de
517 2395 635 2450 alumno
663 2411 727 2450 mco
750 2392 914 2449 dulcissimo
937 2395 1049 2450 lotura
1067 2399 1176 2462 ‚Boni-,a
1215 2401 1326 2478 ,loannes

175 2517 259 2556 racto
278 2501 447 2569 Vroronro,
473 2497 553 2554 cuius
578 2485 798 2573 ingenium,et
825 2497 856 2552 in
880 2497 998 2554 bistoria
1025 2497 1171 2554 sitibunda
1182 2468 1326 2538 limam

175 2601 321 2677 grauitas,
342 2613 370 2659 et
390 2601 530 2678 elegantia
550 2602 632 2658 vobis
652 2601 786 2660 omnibus
806 2600 940 2657 innotuit.
959 2601 1172 2659 Infelicissimus

174 2704 288 2762 iuuenis
320 2705 368 2764 vix
395 2717 532 2780 quartum
563 2716 591 2761 et
625 2704 794 2781 vigesimum
822 2715 906 2760 natus
936 2717 1067 2773 annum,
1102 2705 1172 2762 dum

174 2807 338 2864 inchoatam
355 2805 507 2878 Gottisredi
526 2808 675 2864 historiam
687 2806 834 2882 ,perficere
847 2807 1010 2876 contendit,
1031 2810 1172 2866 Romana,-

75 2964 79 2969 .
176 2910 342 2966 calamitatis
362 2928 430 2984 pars
449 2925 552 2985 magna
565 2897 643 2980 luit,
664 2921 764 2984 captus
785 2911 822 2965 ab
843 2908 1170 2984 praaiefspoliatns,

177 3011 249 3067 male
274 3021 436 3082 tractatus,
463 3012 575 3080 inedia,
602 3023 631 3068 et
661 3011 834 3068 cruciatibus
867 3012 1000 3068 omnibus
1028 3013 1172 3084 affectus,
1251 3071 1254 3079 ,

177 3114 243 3168 cbm
262 3114 407 3172 teterrima
422 3114 471 3168 illa
489 3113 598 3186 pestis,
623 3133 685 3188 quae
706 3115 802 3170 statim
821 3113 1075 3188 depopulationem
1094 3116 1172 3172 illam

177 3217 327 3274 subsecuta
355 3227 428 3285 est,
455 3216 558 3272 urbem
577 3215 751 3285 inuasisset,
780 3216 849 3292 fuga
868 3217 892 3274 is
912 3235 966 3292 per
992 3219 1171 3278 occasionem

178 3331 313 3392 arrepta,
340 3319 472 3393 cymbam
492 3319 638 3392 quandam
657 3319 884 3395 ingressuum,
914 3332 946 3376 ut
966 3321 997 3376 in
1017 3321 1171 3380 Lucaniam

178 3422 384 3496 abnauigaret,
411 3421 514 3478 accidit
534 3433 649 3490 autern,
674 3432 707 3477 ut
726 3405 804 3477 bona
826 3425 973 3478 Vectorem
993 3443 1061 3498 pars
1081 3425 1171 3498 pesti·

177 3524 263 3581 lentia
283 3543 317 3580 ea
333 3535 485 3596 contecta,
513 3526 613 3582 eodem
634 3523 749 3600 nauigio
769 3525 998 3600 constiparetur,
1026 3539 1114 3601 atque
1132 3527 1172 3582 ita

178 3628 204 3684 ei
230 3627 395 3703 contagioni
420 3629 534 3703 impar,
564 3628 728 3684 delicatiore
756 3627 869 3684 iuuenis
889 3646 1029 3702 corpore,
1051 3630 1116 3685 tabe
1138 3647 1171 3686 ea

177 3741 327 3803 correptus
340 3743 391 3788 est.
414 3735 490 3788 Dum
503 3732 572 3787 verb
592 3743 683 3787 totam
696 3731 794 3788 Italioe
808 3749 889 3786 oram
909 3732 1046 3788 auxilium
1064 3731 1171 3806 implo-

177 3843 273 3888 rantes
291 3834 520 3907 perlustrarent,
539 3833 557 3888 t
580 3834 712 3907 portibus
726 3844 754 3889 et
776 3833 947 3890 stationibus
969 3835 1101 3890 omnibus
1122 3853 1171 3890 ex-

177 3935 261 4005 clusi,
275 3953 370 4008 neque
384 3935 500 4008 quidem
513 3934 596 4008 panis
608 3977 616 4004 ,
628 3953 722 4010 neque
737 3953 817 4010 aquae
832 3936 907 3992 facta
920 3937 1172 4012 copia'secundum

177 4038 274 4094 littora
296 4039 433 4094 Lucaniae
452 4038 634 4107 oberrantes,
654 4049 682 4093 et
702 4037 781 4112 ipse,
803 4049 832 4094 et
849 4039 979 4114 plerique
998 4040 1044 4114 alij
1068 4041 1171 4098 morbo

177 4159 231 4211 ne,
252 4160 290 4198 an
311 4141 386 4200 fame
406 4142 551 4198 teterrima
572 4142 804 4199 contabescentes
825 4142 965 4200 incertum
987 4162 994 4200 ε
1016 4145 1051 4200 In
1072 4145 1171 4202 eadem
