3186 5166
343 438 575 493 erruasroanu
595 437 813 493 lnrrucrrsna.
854 437 929 492 Lib.'
940 439 979 494 ΙΙ.
1130 438 1171 502 59

173 581 253 636 tate,
277 578 305 622 et
327 545 465 622 sexcentis
489 563 550 620 aliis
569 563 929 620 incommodisasflictatus
950 565 1098 622 diutissuie
1119 567 1170 622 de-

173 647 282 727 cubuit.
304 671 369 739 Qua
387 668 482 724 morbi
504 679 531 723 et
550 666 668 742 magni,
689 678 718 722 et
738 665 868 722 diuturni
890 666 1041 723 atrocitate
1061 668 1179 738 lactum,

173 785 239 842 est,
269 783 303 828 ut
332 771 526 839 doctissima,
544 789 606 844 quae
632 768 812 844 parturiebat
840 788 949 844 opera,
978 783 1081 845 parcre
1109 792 1169 828 non

172 875 309 950 potuerit.
325 874 381 931 Sed
396 891 429 929 ca
444 885 589 946 tamquam
607 872 753 941 abortius,
776 884 805 927 et
814 872 982 946 imperfecta
1003 853 1187 948 reliquerit,

172 997 276 1054 magua
294 951 417 1050 'quidem
437 975 560 1031 nominis
580 974 641 1043 sui,
668 961 718 1030 sed
741 974 827 1049 longe
850 975 954 1047 majori
974 976 1170 1034 studiosorum

105 1133 107 1136 ,
171 1080 303 1135 omnium
323 1079 447 1151 jactura.
472 1081 618 1148 Quat-tuor
644 1089 740 1132 tamen
760 1077 849 1132 libros
871 1078 1054 1136 exactissimae
1077 1080 1170 1137 inter·
1259 1153 1263 1160 ι

172 1182 343 1257 prelationis
368 1181 398 1236 in
422 1181 649 1237 Mamematt'eas
672 1179 834 1254 disciplinas
856 1181 989 1253 Braccius
1012 1184 1073 1240 eius
1095 1183 1171 1242 filius

173 1286 211 1342 ab
235 1285 353 1340 interitu
372 1257 554 1352 vendicarat,
579 1284 624 1338 vel
642 1283 732 1358 ipssus
753 1284 879 1340 auctoris
898 1285 933 1340 de
954 1303 984 1341 se
1007 1285 1171 1346 testimonio

173 1389 340 1460 absolutos,
364 1398 451 1460 atque
476 1385 495 1460 ij
517 1387 710 1470 Barbamrum
733 1405 835 1461 maniis
857 1363 1039 1463 effugerant,
1060 1391 1174 1460 Braocij

172 1471 262 1565 ipsius
293 1489 439 1564 diligentia
464 1490 495 1544 in
518 1493 619 1546 Arcem
642 1489 748 1545 AEliam
774 1491 922 1565 asportati.
954 1493 1011 1548 Sed
1037 1493 1113 1547 enim
1141 1493 1171 1549 in

172 1594 253 1666 Petri
270 1592 404 1666 Alcyom'j
426 1579 527 1660 manus
552 1592 617 1662 clim
638 1592 822 1663 incidissent,
850 1592 889 1648 ita
912 1593 1058 1668 suppressi
1082 1604 1168 1663 suut,

173 1673 368 1770 utnusquam
389 1695 511 1770 amplius
535 1695 731 1769 apparuerint.

182 1859 186 1862 ,
212 1799 350 1853 Etruscus
371 1798 425 1853 tuit
445 1810 473 1853 et
493 1801 603 1854 Genius
623 1800 871 1868 Vsansunumus,
893 1800 1041 1856 Arretinos
1058 1801 1149 1857 domo
1161 1825 1182 1872 ,·
1197 1807 1306 1926 VGpLus

1226 1893 1264 1924 α(
1290 1894 1329 1925 lid·-

173 1901 218 1986 nir
237 1900 267 1954 in
290 1901 450 1956 litterarum
474 1899 575 1956 studiis
599 1911 661 1954 toto
682 1900 746 1956 vitae
769 1913 899 1975 tempore
919 1915 1071 1973 versatus,
1093 1905 1170 1960 mul·
1183 1942 1276 1992 „im

174 2014 270 2058 torum
294 2003 490 2062 Cardinalium
511 2003 527 2057 a
549 2003 682 2073 secretis,
708 2005 724 2059 a
746 2005 823 2059 Iulio
846 2004 998 2060 Cardinali
1019 2009 1170 2078 Medr'ceo,

174 2091 321 2178 quinimo
348 2125 475 2161 summus
493 2106 626 2174 Pontifex
649 2116 691 2161 cst
702 2125 725 2174 ,ο
735 2104 850 2160 virtutis
874 2107 942 2180 ergo
955 2107 995 2161 -in
1018 2108 1171 2165 amicitiam

174 2208 314 2277 adscitus,
341 2219 369 2262 et
391 2207 420 2262 in
444 2208 555 2263 honore
580 2208 717 2276 habitus,
744 2207 791 2262 vix
811 2208 902 2264 altero
924 2209 1054 2282 ejusdem
1073 2212 1173 2292 Ponti-

174 2309 274 2365 ficatus
302 2329 378 2365 anno
400 2309 458 2365 frui
485 2309 599 2383 potuit,
625 2310 774 2384 repentina
800 2311 876 2365 enim
899 2323 994 2367 morte
1015 2313 1100 2370 unius
1126 2314 1173 2370 vix

174 2413 251 2468 horae
282 2425 428 2468 momento
457 2414 608 2483 sublatus,
635 2400 801 2482 honorum,
827 2413 878 2486 qui
899 2413 1009 2470 homini
1038 2415 1173 2472 destinati

171 2527 277 2584 erant,
303 2516 436 2600 immunis
458 2516 522 2571 tuit.
1060 2501 1061 2508 ἵ

132 2635 136 2645 ’
212 2621 355 2674 Varenus
367 2632 463 2675 autem
472 2620 929 2696 TurnuanaruulongePriaceps
948 2639 983 2676 eo
997 2621 1067 2677 mihi
1078 2622 1171 2679 admi·
1213 2629 1332 2680 Vitellius

1151 2726 1173 2780 ι·-
1207 2697 1331 2765 Typlror-

1200 2782 1255 2813 MS·

173 2824 279 2897 busque
302 2825 370 2878 viris
396 2825 556 2880 litterarum
580 2825 742 2881 delectatio.
770 2828 798 2882 Is
824 2839 853 2882 et
876 2827 996 2898 Latine,
1017 2838 1046 2884 et
1073 2828 1174 2885 Groece

173 2721 294 2794 rabilior
312 2721 446 2790 videtur,
471 2741 530 2794 quo
551 2721 635 2777 etiam
658 2721 752 2777 rarior
775 2722 805 2784 in
824 2723 1016 2794 militaribus,
1034 2725 1149 2799 Princip

174 2927 283 3000 peritus
298 2928 399 2982 morali
418 2913 502 2982 etiam
514 2927 729 3002 Philosophiae,
749 2940 853 3002 praeter
874 2948 1018 2984 summum
1038 2931 1174 2986 Historiae

173 3042 203 3084 et
216 3005 450 3103 Cosmographiae'
461 3029 605 3097 studium,
623 3049 741 3102 operam
757 3031 876 3088 dederat
889 3051 950 3086 non
961 3033 1172 3108 indiligentem,

173 3144 207 3188 ut
222 3152 281 3187 uon
303 3132 443 3186 immeriti)
463 3131 539 3186 inter
559 3131 700 3187 litteratos
721 3134 817 3186 locum
837 3146 991 3189 mereatur.
1015 3135 1072 3191 Sed
1088 3146 1121 3192 ut
1135 3137 1188 3201 ad,

174 3252 265 3309 genus
280 3234 380 3289 mortis
398 3234 537 3301 infelicis,
558 3252 616 3306 qua
632 3234 667 3289 de
681 3234 795 3308 agitur,
817 3236 973 3290 veniamus.
992 3238 1176 3294 Columnensi

174 3338 270 3405 hello,
296 3337 377 3411 quod
398 3337 415 3392 a
438 3338 581 3394 Clemente
607 3348 719 3411 gestum
735 3331 805 3406 est,
834 3339 864 3392 in
887 3339 1026 3415 sacrilegij
1050 3341 1174 3394 Romani

175 3440 391 3514 castigationem
407 3439 503 3495 omnia
515 3439 670 3514 prudentia
687 3459 738 3495 sua
750 3441 843 3510 rexit,
855 3441 1019 3518 futuraque⁸
1028 3451 1089 3496 erat
1103 3460 1174 3498 auc·

175 3543 276 3598 toritas
299 3544 450 3615 Pontificio
471 3561 506 3598 eo
523 3543 596 3598 duce
617 3539 766 3598 tutissima.
792 3543 848 3599 Sed
868 3542 968 3617 paucis
986 3553 1052 3600 ante
1072 3543 1174 3602 diebus

175 3645 263 3720 quam
282 3647 428 3722 latronum
450 3644 597 3700 exercitus
614 3647 736 3700 Romam
760 3643 949 3726 opprimeret,
976 3647 1105 3702 Vitellius
1125 3665 1174 3718 su-

172 3748 278 3826 bitaria
298 3761 391 3804 morte
410 3760 570 3823 praereptus
590 3747 780 3821 expirauerat.
814 3748 870 3804 Sed
891 3733 1063 3805 et'duorum
1083 3749 1173 3825 juuej

174 3871 244 3907 num
260 3851 383 3906 crudelis
404 3851 496 3907 exitus
515 3850 584 3906 milri
604 3837 727 3906 venitin
745 3853 927 3922 memoriam,
950 3869 1076 3926 quorum
1094 3864 1172 3924 uter-

151 3969 153 3972 ·
175 3973 232 4028 que
249 3954 405 4026 majestatis
425 3955 495 4010 laesac
515 3971 581 4008 reus
599 3952 798 4008 miserabiliter
814 3955 959 4037 occubuit,
979 3936 982 3942 Ι

187 4113 190 4124 ,
214 4059 338 4113 ircosus
353 4057 428 4131 enim
440 4056 712 4129 lacarrusjuueuis
728 4069 755 4112 et
769 4057 882 4138 Graece,
897 4069 925 4112 et
940 4059 1044 4114 Latine
1058 4059 1171 4138 egregie

1224 4087 1332 4139 lacobus

175 4143 302 4232 peritus,
323 4159 468 4235 pangendi
483 4159 616 4216 carminis
636 4169 737 4216 auctor
751 4177 811 4216 non
828 4158 960 4235 illepidus
973 4163 1175 4220 Florentinum.
1184 4151 1301 4206 mlum·
