3186 5166
437 453 476 519 68
684 459 805 512 loturus
826 453 923 530 Pauarj
944 457 1128 528 Vettium,
1150 477 1187 514 ns

436 579 605 644 decahtata?
626 583 718 658 Capta
738 582 756 638 ὲ
775 581 906 638 barbaris
925 581 1016 653 urbe,
1033 583 1095 658 ipse
1114 575 1232 658 quoqu&
1249 584 1267 640 i
1284 587 1435 644 Genaunes

436 671 644 764 suis-captiuus
660 686 771 754 factus,
793 685 915 742 fortunae
932 684 1017 743 bonis
1039 685 1196 759 spoliatus,
1216 683 1357 764 grauique
1376 703 1434 745 aere
1462 679 1482 712 ''

437 789 530 866 eapite
550 788 724 862 redempto,
748 789 903 845 aureorum
926 791 1022 845 tamen
1041 787 1341 862 rim.quandam‘sub'
1356 791 1442 847 inte-'-
1466 807 1479 824 ’

436 891 522 951 rioris
546 891 616 948 aulae
641 890 738 946 limine
762 883 942 961 defoderat,-
960 889 1044 947 fabro
1065 909 1126 946 uno
1148 901 1270 948 tamtum
1292 894 1434 963 conscio,

437 994 489 1072 qui
510 1004 647 1050 caemcnto
674 993 770 1048 locum
795 992 995 1049 obturauerat.
1023 992 1136 1049 Accidit
1158 1004 1273 1066 autern,
1296 1005 1330 1051 ut
1355 995 1435 1050 idem

437 1097 520 1154 faber
548 1095 680 1170 captiuus
713 1093 806 1152 iactus
841 1112 896 1168 pro
926 1113 956 1150 se
983 1093 1153 1152 redimendo
1181 1111 1248 1152 xxv.
1280 1111 1384 1154 aureos
1404 1093 1433 1154 'i
1476 1130 1482 1140 ·

440 1199 549 1258 Coricio
570 1209 681 1273 peteret
700 1207 844 1265 mutuos,¹
858 1195 905 1252 ille
926 1213 963 1251 ne
979 1207 1121 1252 secretum
1141 1197 1298 1271 proderet,
1324 1199 1435 1274 qtrippe

437 1301 490 1377 qui
512 1300 628 1358 aliunde
651 1315 713 1356 uon
734 1299 882 1369 habebat,
908 1297 986 1354 unde
1008 1317 1057 1355 eos
1083 1311 1291 1374 expromeret,
1319 1300 1375 1356 nisi
1397 1293 1435 1357 ἐι

438 1403 575 1474 defosso,
599 1400 736 1476 perbelle
753 1400 879 1476 negauit.
915 1400 1087 1475 Indignatus
1114 1400 1196 1456 faber
1217 1421 1279 1458 rem
1305 1401 1435 1476 He'spano
1477 1421 1484 1430 ·

439 1505 576 1575 ductori,
597 1504 615 1560 is
638 1523 697 1577 quo
712 1503 743 1558 in
758 1502 878 1558 vinculis
899 1501 1080 1573 habebatur,
1101 1503 1220 1578 prodit3
1243 1503 1292 1558 ille
1308 1504 1339 1558 in
1359 1504 1435 1560 aedos

443 1606 548 1678 Coricp'
566 1605 769 1680 transmigrat,
792 1604 920 1678 dumque
944 1589 1090 1659 hominem
1109 1605 1310 1679 comparandis
1332 1624 1434 1662 ueces-

440 1709 522 1766 sariis
546 1709 682 1783 ableget,
708 1725 812 1763 aurum
834 1707 895 1780 ipse
917 1706 996 1762 domi
1017 1706 1054 1762 de
1070 1707 1180 1762 latebra
1201 1707 1295 1778 eruit,
1318 1726 1377 1782 qua
1401 1725 1435 1764 re

441 1809 604 1888 patefacta,
635 1810 701 1864 oiim
728 1808 774 1867 rei
800 1808 998 1884 indignitatem
1030 1809 1153 1864 Con'cs'us
1183 1809 1262 1883 apud
1294 1810 1437 1867 exercitus

442 1913 587 1988 Paincipes
608 1913 858 1986 expostularetur,
881 1913 918 1967 ab
942 1910 1075 1968 omnibus
1100 1923 1303 1986 contemptus,
1321 1911 1435 1969 elusus·

443 2034 500 2090 que
521 2025 573 2073 est..
596 2015 671 2070 Hinc
690 2015 727 2070 ad
746 2009 939 2070 miserabilem
955 2013 1088 2070 redactus
1110 2013 1237 2088 inopiam
1254 2014 1328 2090 aegre
1342 2019 1438 2071 Roma

442 2117 574 2195 aufugit,
606 2129 637 2173 et
660 2119 802 2172 Veronam
824 2116 978 2190 appulsus,
1004 2126 1038 2170 ut
1062 2113 1130 2171 inde
1156 2126 1235 2172 recta
1257 2116 1288 2171 iu
1311 2117 1438 2191 patriam

443 2219 757 2296 commigraret,”aeris
784 2217 868 2273 alieni
891 2215 1205 2292 gratia'persoluendi,
1232 2217 1303 2273 dum
1329 2219 1442 2293 calysti

443 2323 568 2384 Amadei
590 2322 652 2396 ejus
671 2321 738 2378 urbi
756 2322 933 2394 Propraesule
950 2314 1122 2392 liberalitate
1146 2319 1321 2390 sustinetur,
1346 2320 1388 2378 ibi
1405 2321 1437 2376 in

443 2423 640 2500 grauissimam
657 2425 757 2481 incidit
777 2423 989 2497 aegritudinem,
1012 2441 1070 2496 qua
1090 2422 1253 2493 confectus,
1274 2434 1303 2478 et
1321 2427 1438 2496 Romoe,
1487 2441 1490 2448 ·

443 2538 472 2583 et
488 2528 665 2602 perditarum
683 2545 780 2583 rerum
800 2524 943 2581 desiderio
963 2526 1141 2581 exulceratus
1159 2524 1304 2581 occubuit.

310 2669 424 2722 34an
483 2629 703 2686 Dissertissimus
724 2640 820 2683 autem
845 2625 973 2682 omnium
992 2638 1132 2700 patronus
1152 2630 1287 2683 Ancaeus
1307 2628 1438 2699 Castus,

291 2711 389 2788 Gestis.
404 2807 407 2814 ι
425 2707 504 2806 'quo
525 2750 586 2786 non
609 2730 802 2786 ardentiorem
826 2729 857 2784 in
876 2729 993 2804 agendis
1017 2729 1108 2786 causis
1131 2729 1219 2785 alium
1241 2742 1340 2786 nostra
1363 2731 1439 2787 vidit

392 2803 398 2822 ς
443 2844 530 2902 aetas,
553 2832 729 2888 felicissimus
748 2843 776 2887 et
799 2831 859 2906 ipse
882 2832 982 2887 haberi
1001 2831 1161 2905 potuisset,
1183 2843 1247 2887 tam
1267 2834 1305 2888 ob
1323 2832 1437 2890 divitias

443 2936 594 3000 immensas
618 2934 654 2990 de
668 2935 842 3010 patrociniis
871 2934 1046 3008 acquisitas,
1079 2934 1165 3008 quim
1186 2935 1230 2990 'ob
1254 2954 1438 2992 numerosam

442 3039 555 3114 prolem
573 3037 667 3107 bend,
693 3037 830 3109 honeste,
855 3038 1055 3111 sapienterque
1077 3038 1244 3093 institutam.
1266 3040 1356 3094 Paulo
1375 3037 1437 3096 filio

433 3152 514 3197 'natu
524 3139 640 3213 ¹majore
656 3141 805 3198 senatoria
825 3159 975 3215 purpura,
994 3140 1136 3214 pileoque·
1146 3141 1283 3215 dignate,
1304 3142 1438 3215 reliquis-

407 3241 410 3246 '
443 3261 520 3317 que,
549 3253 637 3317 prout
663 3242 888 3316 uniuscujusque
910 3254 978 3298 aetas
998 3244 1043 3297 vel
1067 3243 1211 3317 ingenium
1237 3244 1436 3316 deposcebat,

442 3345 620 3414 honoribus,
641 3356 669 3399 et
683 3344 976 3404 administrationibus
995 3333 1172 3415 honestatis,
1186 3357 1218 3400 ut
1231 3363 1291 3400 uno
1306 3345 1437 3400 omnium

344 3512 346 3518 ,
443 3468 494 3506 ore
522 3449 631 3526 gallinae
655 3446 729 3503 filius
755 3448 855 3516 Albae,
887 3447 1082 3522 laetaniasque
1109 3447 1204 3521 pullus
1231 3447 1434 3520 appellaretur.

442 3552 610 3612 Hicautem
629 3561 708 3606 tanta
727 3549 868 3605 felicitato·
880 3549 941 3618 vir,
962 3549 1050 3622 quim
1068 3548 1244 3604 horribiliter
1263 3548 1437 3622 vitarjussus

382 3637 384 3641 V
443 3655 567 3724 cedere,
603 3653 654 3727 qui
688 3662 755 3728 post
791 3654 932 3726 direptam
967 3655 1087 3708 Romam
1106 3693 1128 3721 ,ἵ
1146 3663 1175 3707 et
1206 3651 1337 3708 fortunas
1368 3670 1437 3708 suas

442 3757 570 3826 accisas,
600 3758 665 3812 cum
685 3774 770 3831 opem
789 3755 868 3825 fide,
898 3767 926 3811 et
951 3756 1104 3829 sponsione
1130 3749 1181 3810 sua
1202 3755 1298 3812 multis
1322 3754 1437 3810 ciuibus

442 3860 601 3929 attulisset,
619 3861 751 3916 omuibus
764 3860 833 3932 jam
852 3859 957 3934 opibus
974 3859 1141 3927 exhaustus,
1159 3858 1333 3934 grauissimis
1352 3858 1444 3913 lab0-'

442 3962 521 4019 ribus
536 3974 571 4018 et
591 3963 778 4019 incommodis
800 3963 971 4038 defatigatus
992 3961 1023 4015 in
1040 3972 1167 4018 atrocem
1186 3960 1287 4016 incidit
1307 3961 1449 4032 febrem,¹

443 4083 500 4139 qua
520 4077 659 4134 vexatus,
681 4066 750 4121 dum
771 4065 802 4120 in
821 4067 926 4120 lectulo
948 4064 1078 4137 jaceret,
1101 4082 1166 4120 ecce
1187 4064 1441 4136 adsuntffutpaat

441 4167 590 4238 latrones,
621 4168 672 4244 qui
693 4188 779 4226 morae
803 4169 983 4244 impatientes
1008 4167 1184 4246 promissum
1202 4186 1259 4243 pro
1283 4166 1345 4225 aliis
1369 4165 1439 4228 turi
