3186 5166
410 351 449 417 62
644 364 766 416 Jorrsrs
786 360 881 434 Prnasj
905 362 1086 432 Virunum,
1107 383 1144 420 aa

283 495 400 546 Octauius
456 486 544 559 Quod
575 487 644 542 rerd
676 487 813 560 Cynthius
840 489 940 544 Plzoui
971 488 1148 547 desideratus
1179 503 1246 562 est,
1278 481 1412 568 Ocururj'

257 561 399 632 Cleoplstlru
411 591 571 646 Carornrnr
592 591 752 646 lizianensis
780 592 835 646 viri
854 591 997 646 reminisci
1017 592 1102 663 facit,
1131 595 1182 668 qui
1207 597 1315 670 etipse
1342 570 1412 653 for..

412 707 511 777 tunam
530 705 664 767 expertus
684 707 726 750 est
746 694 960 768 iniquissimam.
980 699 1049 751 Post
1069 699 1174 752 multos
1195 697 1271 752 enim
1289 699 1320 753 in
1337 673 1412 755 libe-¹

411 799 518 860 ralibus
536 799 645 854 artibus
663 799 776 854 labores
795 799 961 866 exhaustos,
983 798 1053 853 dum
1071 799 1125 853 sibi
1143 799 1245 872 quaerit
1261 790 1409 874 requiem,

411 922 531 958 uxorem
548 903 742 959 centumcellis
764 912 928 974 acceperat,
951 879 1038 975 quam
1054 901 1123 956 dum
1149 902 1178 957 in
1202 903 1324 976 patriam
1345 914 1406 959 tra-

411 1008 516 1062 ducere
534 1006 656 1080 cogitat,
679 1007 696 1061 d
716 1023 835 1074 socero,
857 1024 916 1079 quo
938 1024 1003 1060 cum
1023 1006 1091 1060 dote
1111 1004 1275 1074 fraudaret,
1294 981 1415 1062 veneno!

412 1097 539 1166 sublatus
561 1121 611 1165 est.

259 1210 400 1328 {mispre-
457 1213 536 1283 Quid
550 1213 619 1268 verb
636 1213 718 1268 vobis
737 1212 829 1267 dicam
844 1212 880 1266 de
897 1214 1079 1269 Storsuuuno
1104 1213 1231 1268 Xan-ruo
1252 1213 1406 1287 Carpensi,

277 1296 304 1326 HS
347 1297 400 1328 lm·

258 1355 320 1394 ,m
413 1317 504 1371 amico
534 1335 599 1371 meo
628 1315 817 1384 suauissimo,
849 1332 934 1388 quem
965 1313 1125 1369 litterarum
1151 1315 1251 1370 studiis
1274 1317 1406 1386 clarum,

412 1419 626 1493 praesertimque
651 1417 845 1491 Philosophiae
871 1417 1064 1490 professorem
1083 1417 1299 1473 disertissimum
1321 1422 1414 1496 Gym-¹

413 1523 497 1576 nasio
531 1532 598 1576 sunt
630 1519 778 1574 admirata.
801 1520 910 1574 Verirm
939 1519 990 1574 ubi
1022 1520 1137 1574 Alberto
1167 1519 1222 1574 Pio
1253 1522 1408 1595 Carporum

413 1624 541 1697 Princrpi
570 1623 707 1692 adhaesit,
736 1626 843 1694 Regum
873 1616 995 1696 negotiis
1026 1622 1217 1695 procurandis
1244 1610 1417 1694 adhibitus,

413 1728 483 1782 dum
507 1725 732 1800 expeditissimus
752 1725 901 1780 itineribus
921 1728 1046 1797 Legatos
1066 1725 1104 1779 ad
1123 1743 1242 1799 magnos
1262 1727 1408 1800 Principes

414 1812 545 1887 dimissus
569 1830 624 1884 iter
648 1833 760 1884 Verona
783 1817 902 1902 arripit,
928 1839 994 1883 ante
1020 1829 1128 1884 lucanis
1153 1828 1232 1882 horis
1255 1809 1411 1902 antequam

416 1935 578 2010 Tridentum
605 1931 874 2006 appropinquaret,
903 1932 939 1986 ab
961 1930 1081 2004 hospitis
1102 1931 1211 1985 famulo
1224 1918 1240 1999 ,¹
1261 1931 1312 2004 qui
1336 1949 1408 1987 noc-

413 2036 492 2090 turni
512 2035 620 2090 itineris
642 2035 701 2090 dux
722 2034 847 2089 adscitus
866 2044 947 2101 erat,
970 2053 1019 2107 spe
1039 2034 1141 2108 praedae
1165 2044 1332 2106 peremptus
1349 2019 1421 2102 ests

414 2157 568 2195 numeroso
584 2137 709 2193 filiorum
729 2157 815 2213 grege
833 2138 862 2192 in
884 2148 1008 2211 egestate
1031 2135 1141 2190 relicto.
1411 2213 1417 2219 ι

453 2243 576 2296 Cnssnrs
597 2253 692 2296 autem
713 2243 798 2298 stem
819 2239 968 2313 repentina
988 2257 1066 2293 mors
1086 2238 1137 2293 uni
1157 2238 1198 2293 illi
1218 2238 1315 2294 forsan
1332 2257 1420 2323 oom-⁸

414 2344 519 2411 moda,
541 2321 624 2398 nobis
648 2343 741 2411 verb,
767 2341 816 2415 qui
845 2340 1051 2413 jucundissima
1075 2339 1136 2412 ejus
1157 2341 1303 2415 lepiditate
1328 2341 1410 2396 frau-

415 2445 475 2501 dati
495 2465 612 2513 sumus,
632 2445 692 2499 visa
714 2456 757 2500 est
777 2444 967 2499 acerbissima.
990 2444 1149 2499 laudensis
1169 2444 1191 2498 is
1213 2443 1285 2512 fuit,
1309 2443 1413 2498 Jacobi

417 2548 529 2618 Triultij
554 2546 745 2602 familiaritate
776 2548 898 2615 clarus,
929 2547 1048 2619 ejusque
1082 2545 1213 2600 factionis
1248 2547 1412 2622 adsectator

415 2652 585 2719 acerrimus,
604 2650 648 2703 vir
670 2650 758 2723 aliqui
782 2649 896 2718 Groecei,
917 2641 1077 2722 Latinique
1097 2647 1291 2716 doctissimus,
1311 2667 1412 2717 versu,

414 2770 558 2827 prosaque
584 2752 714 2806 oratione
737 2771 796 2806 non
820 2751 983 2825 inelegans,
1008 2751 1281 2806 Mutlremoticarum
1304 2751 1410 2826 optime

413 2855 514 2910 sciens.
534 2858 610 2910 Dum
629 2865 724 2908 autem
745 2854 822 2926 apud
839 2857 1042 2910 Scoromuzom
1064 2853 1248 2908 Cordioolem
1265 2855 1411 2910 Triultium

414 2957 431 3011 a
457 2976 534 3011 caena
561 2956 707 3011 fabulatur
723 2997 740 3025 ‚.
761 2955 897 3010 subitaria
923 2956 1049 3030 paralysi
1074 2956 1231 3012 suffocatus
1259 2956 1368 3011 interiit
1395 2955 1412 3011 ὲ

413 3059 548 3134 vestigio.

261 3164 385 3282 Clablm
450 3163 554 3236 Longe
568 3172 664 3217 autem
678 3163 792 3218 diverso
806 3162 906 3217 mortis
920 3181 1024 3236 genere
1038 3163 1166 3218 sublatus
1179 3164 1284 3219 Fissus
1300 3164 1412 3218 Caunus

283 3250 299 3281 α
311 3250 362 3280 ΗΜ.

414 3268 582 3333 Rauennae,
603 3285 717 3322 summae
739 3284 824 3321 senex
844 3265 1034 3340 integritatis,
1065 3265 1115 3338 qui
1136 3285 1196 3320 non
1217 3265 1277 3321 dies
1299 3276 1412 3320 tantum

416 3379 571 3435 extremos,
587 3369 636 3424 sed
653 3368 820 3423 uniuersum
831 3369 894 3422 vitae
911 3387 1026 3424 cursum
1042 3387 1094 3442 per
1106 3386 1246 3423 aerumnas
1260 3379 1288 3422 et
1303 3369 1413 3422 incom-

416 3471 502 3526 moda
532 3469 678 3544 transegit.
707 3470 819 3525 Latinis
840 3471 923 3542 iste,
958 3470 1119 3544 Graecisque
1148 3470 1249 3525 litteris
1282 3469 1412 3525 eruditus

416 3570 549 3647 egregii,
577 3590 726 3645 nunquam
753 3583 848 3626 tamen
880 3591 975 3645 neque
1003 3571 1184 3627 sanctissimis
1212 3572 1359 3642 moribus,
1384 3583 1414 3628 ct

417 3673 593 3758 continentia
625 3691 752 3742 summa,
777 3691 871 3746 neque
904 3675 1060 3729 multarmn
1085 3673 1245 3747 vigiliarum
1275 3675 1414 3729 lucubra-

417 3777 562 3845 tionibus,
591 3777 797 3848 laboribusque
827 3786 887 3844 tot,
918 3795 991 3849 quos
1015 3776 1045 3830 in
1068 3776 1212 3850 sexaginta
1233 3778 1416 3850 Hippocratis

415 3879 495 3934 libris
519 3869 722 3947 traducendis‚
745 3878 920 3951 edendisque
942 3879 1090 3948 exhausit,
1115 3879 1256 3933 tantillum
1277 3878 1415 3951 consequi

415 3981 525 4055 potuit,
544 3981 625 4054 quod
644 3978 838 4054 frugalissimus
860 3979 968 4052 alioqui
987 3980 1049 4034 vitae
1074 3979 1231 4035 necessaria
1251 3978 1416 4061 sufficeret,

416 4075 447 4138 in
468 4092 597 4158 egestosa
618 4100 729 4156 semper
755 4080 852 4156 inopia
874 4082 891 4137 ia
914 4083 1092 4158 Principibus
1111 4083 1249 4151 habitus,
1269 4081 1416 4155 rejectus,
