3202 5168
265 907 438 1014 vna
472 873 683 1014 'runnu
714 907 1118 1022 vasantam.

188 1105 287 1260 lEx
310 1117 440 1234 Museo
462 1166 642 1235 Hotorico
664 1119 703 1233 et
722 1161 876 1256 physico
899 1110 1050 1236 loannis
1071 1169 1193 1262 Inpe-

247 1291 359 1388 n'alt's.
384 1293 533 1408 Venetis
555 1291 656 1392 apud
677 1290 971 1383 tuntas,.1640,
998 1295 1137 1390 ira-49)

524 1605 848 1661 -ὸοοοο-
874 1571 878 1581 ¹

193 1827 244 1954 P
245 1905 383 1956 ruerus
412 1881 624 1958 Valerianus
652 1907 704 1992 ex·
727 1881 883 1956 Bolzana
911 1897 1019 1982 gente
1048 1885 1192 1958 Belluni

190 2017 401 2104 pervetusta
434 2003 600 2102 prodiit,
641 2003 791 2078 Urbano
824 2019 956 2102 patruo
990 2007 1191 2082 institutori

192 2149 399 2217 successor,
424 2151 504 2198 rara
531 2126 745 2226 selectioris,a
760 2124 871 2197 studii
898 2127 1027 2200 notitia
1058 2151 1189 2224 perpo-

191 2248 269 2322 lito.
300 2249 394 2320 Hinc
429 2248 580 2321 emerito
594 2319 597 2324 ,
612 2247 804 2342 utriusque
838 2243 913 2319 lato
948 2247 1091 2344 objecta
1119 2250 1190 2322 sibi

191 2369 349 2442 invicem
373 2369 537 2467 ipsorum
567 2395 587 2442 e
609 2371 790 2441 marmore
814 2369 925 2458 icon,
952 2370 991 2442 in
1017 2371 1189 2444 meridio-

191 2491 266 2562 nali
298 2504 450 2564 exteruo
486 2490 613 2589 templi
638 2495 803 2562 Fratrum
832 2491 1022 2562 Minorum·
1051 2491 1189 2584 latere,

190 2613 353 2686 Venetiis
386 2625 456 2684 stat
489 2609 628 2700 infixa3
667 2624 708 2681 ut
743 2633 837 2706 quos
868 2634 973 2707 pares
1008 2627 1190 2688 nexerunt

191 2734 397 2804 animorum
415 2735 632 2820 instinctus,
653 2733 817 2828 corporis
836 2733 944 2804 etiam
960 2733 1097 2806 obtutu
1113 2757 1188 2807 nou

192 2853 300 2952 longe
324 2853 471 2926 dissitos
495 2855 686 2953 posteritas
710 2867 915 2927 veneretur.

216 2975 410 3070 ¹Ejusdem
447 2976 609 3072 auspicio
644 2977 793 3072 patrui,
818 2977 887 3050 cui
921 2975 1066 3047 virtutis
1102 2999 1189 3074 ergo

191 3099 265 3170 Leo
290 3098 464 3168 Decimus
493 3095 612 3167 adhuc
643 3096 880 3184 adolescens,
911 3095 1190 3168 humanioribus

192 3215 322 3290 litteris
339 3215 604 3289 informandus
636 3215 839 3314 obtigerat,
876 3217 1094 3290 Florentiam
1129 3215 1189 3290 hic
1224 3220 1228 3229 '

191 3353 366 3435 appetens
387 3338 649 3435 aliquantisper
666 3339 704 3407 in
726 3337 790 3409 illo
808 3351 896 3408 tunc
915 3342 1115 3409 Grecorum
1132 3361 1190 3408 ex·

192 3449 340 3530 cellenti
356 3472 556 3546 conventu,
572 3458 715 3555 egregia
727 3457 913 3530 Laurentii
926 3455 1086 3529 Medices
1098 3456 1188 3530 libe·

127 3575 131 3582 ’
191 3579 333 3651 ralitate
377 3580 496 3652 excito
536 3593 698 3654 moratus
738 3577 938 3675 peregriuae
972 3576 1188 3650 eruditionis
1283 3565 1285 3570 ¹

190 3701 433 3800 praestantiam
467 3697 644 3797 adjunxit.
760 3769 764 3778 ,
1054 3707 1060 3718 “

194 3881 196 3894 2
250 3825 293 3891 In
321 3822 455 3893 Leonis
484 3833 611 3921 postea
639 3816 775 3907 fidem,
810 3830 847 3890 et
878 3816 1082 3895 clientelam
1114 3841 1189 3892 sus-

190 3955 349 4039 ceptus,
374 3941 542 4039 indeque.
566 3939 613 4013 ab
642 3939 721 4036 ejus
739 3936 973 4026 ,obituiuter
991 3939 1189 4020 Clementis

194 4063 345 4164 Septimi
362 4062 547 4160 digniores
568 4060 706 4134 electus
723 4060 877 4149 aulicos,
903 4083 983 4132 eam
1003 4059 1190 4136 modestiae

190 4195 302 4280 atque
320 4183 543 4280 integritatis.
563 4180 708 4254 laurlem
725 4181 908 4268 emeruit,
938 4195 979 4251 ut
1000 4183 1081 4276 ejus·
1093 4203 1189 4254 curae
