3186 5166
417 453 458 513 82
666 452 789 505 loturus
808 437 905 518 Prtnrj
927 440 1110 513 Virunum,
1131 459 1169 500 oa

383 581 386 586 ’
420 583 580 649 mirantur,
607 576 691 632 inuiti
710 574 796 630 etiam
815 584 947 648 ponunt,
978 584 1007 627 et
1028 573 1063 627 el)
1084 571 1200 626 suauiim
1220 571 1421 646 unusquisque

420 687 479 741 vita
505 681 635 749 decedit,
666 697 726 754 quo
750 678 842 753 magis
861 678 987 732 humanu
1010 677 1069 730 hcet
1098 673 1250 730 imbecillia
1276 675 1417 749 cognorit.

422 792 520 859 Quare
550 801 699 856 nunquam
727 799 782 855 ego
810 781 995 836 Hermolaum
1020 773 1310 858 infelicemdixero,
1340 778 1421 851 quod

423 887 583 966 pestilentia
610 886 739 941 sublatus
770 869 825 951 iit,
857 882 937 956 quod
966 881 1050 950 exul,
1080 892 1224 976 egensque
1253 880 1421 954 aliquandiu

424 992 546 1060 vixerit,
567 989 647 1063 quod
667 987 718 1043 ubi
733 986 858 1041 cadauer
872 983 934 1058 ejus
949 983 1116 1052 delitescat,
1136 982 1295 1058 ignoretur.
1310 983 1341 1040 Sl
1354 983 1423 1039 doe-

425 1095 533 1152 tissima
553 1092 617 1164 ejus
644 1088 768 1144 hominis
789 1087 897 1161 scripta
922 1085 1117 1141 studiosorum
1142 1084 1270 1140 omnium
1291 1085 1424 1140 manibus

425 1207 579 1252 versantur
609 1214 616 1248 :
646 1191 718 1247 uiuit
747 1190 844 1265 potiris
868 1190 1055 1256 Heuuoluus,
1084 1186 1220 1261 uiuetque
1248 1169 1424 1243 felicissimus

425 1319 493 1356 oum
513 1309 619 1353 aeterna
637 1294 726 1364 Plt‘uij
735 1335 744 1363 ,
777 1291 940 1362 Themistij,
973 1301 1001 1344 et
1020 1290 1194 1346 Dioscorida
1219 1289 1316 1360 lama,
1344 1291 1426 1366 quod

428 1403 550 1459 maxima
572 1400 634 1472 ejus
654 1413 742 1472 pars,
763 1407 796 1451 ut
815 1413 909 1468 nuper
930 1394 1066 1449 Horatius
1085 1394 1251 1462 exultabat,
1272 1393 1426 1450 Libitinam

427 1504 553 1560 euitarit.
585 1501 673 1558 Viuet
702 1498 876 1555 Murostieus
905 1507 1004 1552 noster
1033 1497 1112 1552 nulla
1139 1496 1319 1552 mortalitatis
1345 1507 1427 1570 peste

430 1607 634 1673 labefactatus,
650 1603 720 1658 dum
738 1601 882 1656 bonarum
901 1598 1060 1654 litterarum
1080 1599 1206 1654 studium
1224 1599 1341 1672 aliquod
1362 1613 1428 1674 per-

430 1709 578 1777 manebit,
601 1725 660 1761 non
680 1705 761 1760 enim·
776 1704 836 1760 ullu
853 1721 985 1776 unquam
1005 1705 1071 1759 tabe
1090 1714 1293 1778 corrumpetur
1313 1703 1430 1759 illaVe·

430 1813 492 1868 neti
519 1809 642 1888 nominis
669 1808 831 1886 ingeniosa,
848 1805 995 1876 defensio,
1024 1819 1112 1880 quam
1137 1806 1277 1864 aduersus
1300 1807 1430 1864 Marium

434 1917 639 1970 Volaterauum
668 1911 730 1984 ejus
751 1910 832 1984 Reip.
856 1910 1079 1983 vituperatorem
1099 1921 1179 1964 tantu
1205 1910 1319 1966 dicendi
1338 1908 1430 1966 lelici-

434 2029 492 2073 tate
511 2015 689 2090 conscripsit.
708 2013 794 2069 Viuet
814 2012 876 2085 ejus
897 2012 1057 2067 encomium
1078 2012 1116 2067 ad
1130 2015 1256 2068 Leonem
1267 2014 1431 2083 Decimum„

438 2120 541 2192 inquo
555 2136 615 2173 non
629 2114 823 2189 eloquentiam
835 2114 961 2182 tantirm,
978 2125 1006 2168 et
1019 2125 1124 2184 artem,
1138 2115 1239 2170 remim
1251 2124 1280 2170 et
1293 2133 1434 2172 summam

434 2221 642 2296 prudentium,
669 2229 757 2292 atque
787 2216 875 2272 animi
904 2216 948 2272 aui
977 2216 1136 2274 bonitatem
1162 2218 1328 2274 ostentauit.
1356 2217 1437 2274 Felix

439 2325 549 2393 Carbo,
578 2323 646 2376 felix
673 2324 821 2389 Granum,
851 2317 902 2392 qui
927 2328 1006 2373 tanta
1030 2318 1146 2394 ingenij·
1164 2320 1296 2376 ubertate
1322 2319 1437 2396 scriptis

437 2427 495 2482 suis
521 2425 712 2480 immortalem
739 2422 862 2497 gloriam
889 2422 943 2476 sibi
974 2435 1188 2496 compararunt.
1210 2425 1312 2498 Neque
1340 2425 1437 2480 virum

438 2528 570 2584 doctrina
611 2545 753 2582 summum
798 2525 1029 2600 Christophorum
1070 2528 1242 2582 Marcellum
1283 2527 1437 2602 quisquam

437 2647 630 2684 aerumnosum
651 2627 742 2695 dicat,
764 2626 834 2682 dum
850 2627 909 2681 vita
929 2628 991 2698 ejus
1008 2630 1063 2701 ‘per
1082 2647 1222 2685 summam
1242 2630 1439 2688 innocentiam

439 2742 556 2807 peracto
575 2731 606 2784 in
626 2729 754 2784 omnium
773 2728 910 2784 meritoria
931 2730 1003 2799 erit,
1031 2731 1100 2787 dum
1118 2732 1205 2786 homo
1222 2732 1332 2789 ¹sciendi
1352 2733 1439 2808 eupi-

439 2835 495 2890 dua
513 2851 573 2888 sese
590 2833 686 2902 intua,
708 2843 737 2888 et
753 2843 834 2887 extra
854 2825 977 2888 voluerit
997 2836 1169 2908 explorare;
1200 2837 1270 2891 dum
1289 2835 1344 2892 erit
1363 2836 1442 2894 inter

439 2936 570 2992 homines
590 2935 696 3010 pietas,
716 2947 745 2990 et
764 2952 862 2992 rerum
882 2935 1011 2992 omnium
1028 2955 1198 2994 arcanarum
1216 2939 1349 2994 doctrina
1369 2957 1444 2996 con·-

442 3040 582 3113 quiretur.

481 3142 605 3216 Augusti
626 3142 714 3198 Vuldr'
734 3141 840 3217 scripta
861 3141 937 3199 lorti
957 3144 1121 3218 perierunt,
1147 3143 1198 3200 sed
1221 3162 1283 3217 ejus
1302 3145 1445 3201 memoria

443 3244 694 3332 doctissimorum,
724 3257 753 3302 et
777 3246 974 3321 eloquentium
999 3247 1149 3303 hominum
1172 3247 1336 3304 testimonio
1363 3248 1446 3304 cele·-

445 3349 529 3403 brata
552 3365 618 3403 eum
641 3367 825 3424 nequaquam
845 3349 1022 3425 ignobilem,
1053 3361 1103 3405 aut
1126 3351 1322 3408 calamitosum
1347 3351 1446 3426 patie—
1483 3349 1488 3356 ’

447 3463 503 3505 tur.
526 3453 628 3524 Neque
645 3451 785 3510 obscurus
808 3453 862 3509 erit
882 3453 989 3507 Fabius
1005 3455 1153 3522 lluueuus,
1175 3454 1244 3509 dum
1261 3455 1345 3509 bonae
1366 3453 1450 3509 vulo·

447 3553 555 3608 tudinis
582 3554 657 3609 inter
685 3557 821 3610 mortales
856 3573 947 3624 cura,
976 3554 1180 3628 studiumque,
1206 3557 1449 3630 Hypocratesque

448 3657 508 3730 ipse
529 3658 729 3730 permanebit,
747 3669 808 3713 non
825 3661 871 3714 M.
886 3659 1027 3714 Antonius
1039 3659 1214 3725 &bellicum
1232 3677 1292 3714 non
1309 3659 1452 3716 Curm'llus

449 3760 581 3827 Pontius,
610 3778 670 3814 non
691 3762 783 3816 lanus
804 3761 997 3830 Parrhasium,
1023 3779 1083 3816 non
1103 3763 1263 3829 Putemus,
1287 3780 1348 3817 non
1371 3763 1450 3818 Car-

448 3861 649 3930 teromaclius,
683 3872 712 3916 et
747 3862 878 3936 plerique
909 3863 978 3936 alij,
1015 3881 1089 3937 quos
1117 3863 1255 3919 diuturna
1283 3863 1452 3919 valetudine

448 3962 600 4020 afflictatus
615 3977 872 4021 commemoratum
886 3977 938 4036 est,
958 3966 1110 4024 aerumnosi
1127 3985 1256 4040 unquam
1273 3965 1341 4021 mihi
1355 3965 1454 4022 futuri

449 4077 534 4137 sunt,
556 4067 627 4123 dum
645 4086 748 4124 eorum
764 4070 908 4139 historia,
926 4088 1027 4126 eorum
1048 4069 1195 4138 carmina,
1215 4067 1422 4125 commentaria
1441 4111 1451 4140 ,

450 4169 652 4244 orationesque
676 4182 758 4228 tanto
784 4173 912 4230 omnium
944 4173 1064 4242 studio,
1092 4185 1121 4229 et
1146 4172 1336 4229 admiratione
1361 4171 1448 4228 leoti-
