3186 5166
417 411 457 470 52
666 415 787 470 loannis
808 411 904 487 Pmurj
927 414 1110 486 Venerunt,
1132 434 1169 472 nr

415 559 465 616 spe
487 542 560 596 urbe
586 541 723 596 excedere
743 559 803 596 non
825 551 956 614 poterat,
981 553 1067 614 atque
1089 541 1207 616 iusuper
1229 543 1267 599 ab
1291 543 1409 620 agritu-

415 644 525 714 dinem,
547 655 575 698 et
593 643 790 712 incommoda,
812 663 875 718 quae
893 643 944 698 diu
964 661 1115 718 perpessus
1134 644 1243 714 suerat,
1264 657 1326 706 toto
1347 658 1410 706 erat

415 763 538 820 corpore
560 745 742 814 debilitatus,
763 745 885 818 felleque
905 763 958 821 per
977 745 1141 803 uniuersam
1162 758 1257 805 cutem
1277 749 1409 823 suffuso,

414 850 545 906 inaurata
566 846 700 922 pallidior
722 858 816 902 statua
835 847 998 902 ridebatur.
1037 847 1130 922 Igitur
1161 849 1185 906 is
1207 849 1275 908 dum
1297 869 1409 908 meuses

414 951 524 1024 aliquot
559 951 671 1024 scriptis
702 950 761 1007 suis
793 949 998 1024 inuestigandis
1027 950 1138 1022 frustra¹
1169 953 1340 1022 consumit,
1377 953 1407 1010 io

414 1071 518 1129 magna
541 1071 636 1108 rerum
661 1052 885 1110 necessariarum
912 1053 1033 1126 inopia,
1060 1065 1088 1108 et
1115 1053 1230 1109 illorum
1255 1055 1406 1112 inuenien-

414 1156 519 1212 dorum
541 1155 756 1230 desperatione,
781 1154 874 1210 tantis
897 1154 976 1212 malis
1001 1155 1129 1224 fractus,
1154 1157 1218 1213 eiua
1238 1175 1267 1214 se
1289 1158 1408 1230 oleum,

414 1270 442 1313 et
465 1277 583 1332 operam
605 1258 763 1331 perdidisse
784 1258 978 1333 conspiceret,
999 1259 1034 1314 dc
1055 1277 1173 1316 maerore
1192 1270 1220 1316 et
1240 1260 1409 1333 aegritudine

413 1359 442 1414 in
472 1361 581 1415 febrem
607 1361 740 1433 illapsus,
767 1359 1002 1434 paucissimarum
1030 1360 1167 1418 horarum
1195 1362 1316 1438 spatio,
1341 1365 1408 1424 loco

364 1493 367 1498 ·
414 1461 532 1537 ignobili
556 1474 584 1516 et
606 1463 752 1531 solitario,
773 1463 915 1520 diobolari
935 1462 965 1518 in
982 1463 1150 1532 tabernula,
1184 1483 1216 1520 re
1237 1465 1307 1520 nulli
1333 1467 1406 1521 ami-

414 1583 515 1620 corum
537 1565 672 1638 cognita,
698 1564 748 1638 qui
773 1565 843 1620 nulli
867 1547 1042 1632 hominum,
1068 1565 1137 1620 dnm
1162 1565 1296 1636 vinebat,
1324 1567 1408 1641 igno-

413 1667 552 1735 rabatur,
582 1661 697 1722 demum
727 1666 850 1722 moriens
879 1666 1006 1724 omnium
1037 1667 1136 1724 oculos
1168 1667 1277 1725 tetetttt.
1310 1672 1408 1743 Atque

415 1767 454 1822 ita
476 1786 553 1822 nunc
580 1779 608 1822 et
632 1771 786 1824 Maronem
813 1768 926 1842 ipsum,
954 1777 982 1821 et
1010 1767 1183 1840 lepidissima
1212 1771 1272 1826 eius
1299 1773 1406 1845 scripta

415 1870 620 1925 eruditissimus
642 1871 763 1943 quisque
781 1870 933 1926 desiderat.
952 1869 1017 1925 Fuit
1035 1871 1169 1926 nimirum
1186 1873 1209 1925 is
1224 1875 1408 1929 Fortunensis

414 1971 508 2044 patria
536 1972 675 2042 Foroiulij
700 1972 829 2045 oppido,
874 1972 963 2046 quod.
987 1973 1118 2028 nonnulli
1147 1977 1261 2028 Portum
1295 1978 1408 2030 Noanis

415 2074 556 2143 vocitant,
574 2073 654 2128 cuius
674 2086 768 2128 tamen
787 2085 870 2148 pater
884 2073 978 2130 Brixia
996 2073 1142 2130 serebatur
1162 2077 1311 2132 oriundus.
1334 2079 1407 2133 Inde

414 2179 643 2232 Parnosinrrns.
672 2175 749 2246 Quid
774 2176 890 2252 inquit,
923 2186 950 2230 et
972 2178 1091 2232 Romam
1121 2175 1232 2251 ipsam,
1260 2190 1288 2232 et
1310 2181 1406 2235 Italioe

413 2277 545 2352 regiones
560 2279 618 2334 fere
636 2299 734 2334 ornnes
752 2255 960 2354 perlustrastis,
979 2291 1006 2332 et
1027 2297 1114 2334 unam
1134 2290 1245 2333 tantum
1258 2283 1405 2337 Etruriam

414 2380 592 2448 declinastis,
620 2381 683 2434 cinn
715 2380 868 2444 clarissima
891 2380 947 2435 illic
974 2381 1135 2437 litterarum
1161 2383 1268 2436 lumina
1298 2382 1405 2454 suisse,

412 2501 506 2556 neque
525 2481 628 2536 minori
650 2483 807 2538 calamitate
828 2481 969 2551 extincta,
992 2482 1078 2555 quam
1096 2483 1173 2538 bona
1195 2503 1296 2542 eorum
1317 2503 1405 2558 pars,

413 2603 486 2656 quos
506 2584 700 2652 memorastis,
728 2584 809 2638 multi
837 2584 1024 2654 meminerint.
1048 2586 1122 2640 Tum
1141 2588 1285 2641 Mecinus.
1317 2588 1403 2642 Eram

413 2704 467 2760 ego
489 2685 583 2759 inquit
608 2704 656 2740 eos
677 2705 865 2754 recensurus;
899 2687 949 2742 scd
979 2698 1167 2762 posteaquam
1190 2699 1217 2743 te
1240 2689 1285 2744 hie
1305 2690 1404 2744 adesse

413 2789 490 2857 vidi,
517 2798 580 2843 tuas
610 2806 669 2843 esse
697 2801 793 2862 partes
820 2791 951 2844 Etruscos
978 2790 1109 2865 proferre
1133 2791 1277 2861 iudicavi,
1312 2809 1404 2866 caque

413 2891 449 2975 de
470 2909 555 2971 causa
579 2909 623 2946 me
645 2891 849 2945 continueram.
889 2891 975 2960 Quod
998 2892 1021 2946 si
1040 2904 1157 2967 paratus
1183 2911 1212 2946 es
1235 2892 1351 2964 dicere,
1376 2904 1404 2947 te

413 2992 612 3061 libentissimi,
642 3004 674 3047 ut
705 3013 759 3068 pro
787 2994 830 3049 his
857 2993 989 3048 omnibus
1020 2995 1142 3069 loquar,
1170 2995 1402 3056 auscultabimus.

413 3095 530 3166 Excepit
556 3098 781 3152 Purnosanrtus.
803 3097 911 3154 Vellem
939 3096 1055 3170 quidem
1082 3096 1171 3153 laetius
1195 3075 1264 3153 mibi
1289 3097 1402 3152 dicendi

408 3209 611 3270 argumentum
640 3199 722 3268 dari,
756 3218 792 3252 ne
820 3199 940 3254 vulnera
973 3198 1110 3254 sermonis
1141 3199 1220 3256 istius
1251 3199 1404 3274 asperitate

411 3298 618 3354 refricaremus.
650 3302 706 3357 Sed
739 3301 894 3374 quoniam,
922 3301 937 3355 ὲ
969 3320 1001 3380 re
1030 3311 1117 3372 nata,
1150 3302 1275 3374 coloquij
1303 3302 1401 3358 istius-

402 3383 491 3455 modi
517 3421 607 3476 genus
633 3403 755 3473 incidit,
792 3423 823 3458 ea
853 3404 996 3479 praecipue
1026 3404 1062 3457 dc
1095 3422 1180 3460 causa
1207 3404 1313 3478 species
1344 3405 1403 3460 brec

412 3523 470 3558 non
490 3523 593 3578 parum
613 3506 755 3560 oblectare
776 3505 889 3560 videtur
900 3546 909 3574 ,
928 3505 1008 3578 quod
1028 3516 1151 3562 vestram
1174 3505 1301 3560 omnium
1322 3505 1402 3580 iugc-

412 3606 550 3666 nuitatem
573 3607 698 3675 indicat,
721 3608 793 3680 qui,
817 3608 885 3664 dum
907 3618 950 3661 tot
972 3607 1080 3680 probos
1100 3607 1228 3664 homines
1253 3626 1305 3682 per
1331 3626 1403 3681 que-

412 3709 564 3779 rimonias,
587 3721 615 3765 et
635 3710 846 3784 deplorationes
869 3710 1056 3780 desideratis,
1077 3730 1219 3768 summum
1239 3709 1402 3765 animorum

411 3811 572 3868 vestrorum
600 3812 753 3868 candorem
771 3811 921 3880 indicatis,
947 3822 975 3866 et
996 3811 1036 3866 illi
1059 3811 1231 3866 reuiuiscerc
1257 3811 1402 3884 quodam-

410 3915 499 3972 modo
521 3914 673 3982 videntur,
699 3913 835 3986 (proraiam
857 3913 888 3967 in
908 3915 1053 3970 bonorum
1073 3914 1211 3970 memoria
1229 3925 1403 3982 versantur,

411 4033 535 4090 quorum
558 4034 625 4089 pars
646 4017 723 4070 bona
749 4014 803 4072 nisi
824 4026 923 4072 vestrae
949 4015 1080 4070 dictionis
1102 4015 1265 4072 testimonio
1289 4015 1404 4090 cognita

412 4095 508 4188 esset,
535 4136 583 4174 eos
611 4129 760 4188 vetustas,
792 4129 826 4172 ut
858 4117 929 4176 alios
958 4117 1091 4174 nimirum
1121 4118 1226 4172 multos
1256 4117 1404 4173 obliuione
