3186 5166
425 435 464 502 58
675 443 798 504 loannis
815 439 912 521 Pruna}
934 444 1119 515 Viennam,
1141 455 1178 501 ur

425 572 569 645 majorum
595 571 840 648 consanguinitate
864 568 1002 645 junen'em
1023 572 1071 626 vix
1093 541 1257 626 alterum'h
1285 570 1425 648 vigesimo

423 672 535 730 annum
548 677 687 749 'agentem
709 675 914 744 arcessinerat,
934 693 1026 749 eaque
1037 675 1160 729 *aetatula
1173 676 1242 729 Arci
1251 676 1337 730 AElioe
1352 673 1427 750 praess

427 765 544 833 lecerat.
575 781 709 852 Dumque
733 778 774 832 ibi
799 777 888 832 vitam
912 777 935 831 is
958 788 986 831 et
1009 776 1180 845 honestam,
1206 787 1234 832 et
1257 771 1427 832 litterariam

428 880 509 956 agit,
537 879 638 953 saepius
659 879 677 934 ai
696 881 773 934 Iulio
797 878 961 934 admonitus
989 879 1087 933 adesse
1113 889 1249 953 tempus,
1274 899 1334 952 qno
1361 899 1427 936 curn

427 984 458 1038 in
483 969 678 1040 Cardinalc'um
702 983 838 1038 Senatum
867 981 1057 1054 adoptaturus
1080 991 1162 1050 erat,
1186 993 1214 1036 et
1236 982 1297 1054 jam
1320 1001 1428 1038 nomen

425 1085 662 1159 'praescripserat,
683 1103 742 1158 qno
766 1102 832 1138 eum
853 1083 970 1138 inscribi
992 1083 1144 1156 placebat,
1168 1083 1355 1158 edixeratque
1378 1085 1429 1139 in·-

428 1187 504 1263 genij
530 1187 646 1242 minimi
668 1187 741 1259 varij
764 1187 923 1260 Princeps,
949 1197 983 1240 ut
1007 1185 1067 1240 eius
1090 1185 1214 1241 nominis
1244 1205 1314 1261 crgo
1339 1187 1428 1243 Pres-

427 1292 558 1363 'bytemm
578 1288 765 1364 profiteretur
777 1313 790 1357 ,·
814 1288 961 1363 professus
982 1299 1061 1358 erat,
1081 1288 1168 1344 stolas
1191 1291 1322 1362 pararat,
1346 1281 1428 1364 seyrss

430 1404 529 1462 mata,
553 1376 699 1467 sceptrum
721 1403 907 1465 argenteum,
929 1391 1041 1460 fasces,
1062 1392 1233 1460 manticam,
1259 1404 1372 1465 atquae
1392 1393 1429 1446 ad

425 1494 574 1570 'ejusmodi
596 1493 743 1570 dignitatis
761 1505 897 1548 ornatum
918 1493 1078 1548 neccssaria
1099 1493 1291 1564 videbantur,
1313 1494 1384 1568 quin
1401 1505 1430 1549 et

431 1601 507 1668 dies,
528 1617 587 1672 quo
605 1598 665 1652 haec
688 1596 871 1671 transigenda
889 1596 1019 1665 fuerant,
1043 1597 1128 1651 dicta.
1149 1597 1222 1651 Ciam
1240 1596 1334 1652 statim
1349 1599 1430 1652 Pon-¹

431 1703 529 1775 tificrie
553 1699 643 1774 c'opiae
670 1699 941 1774 apud-Rauennam
962 1698 987 1768 ¹h
1019 1699 1109 1755 Gallis
1140 1698 1233 1768 fuste,
1267 1699 1431 1774 fugataque

424 1805 541 1861 ‘uultum
562 1804 598 1858 ab
616 1803 737 1857 aliarum
756 1797 853 1856 rerum
870 1800 1092 1876 cogitationibus
1114 1813 1288 1872 auocamnt3
1304 1803 1432 1876 dumque

428 1906 522 1962 'modb
540 1906 624 1962 saluti
643 1906 704 1980 ipsc
721 1905 863 1979 prospicit
880 1923 953 1974 suae,
973 1904 1062 1959 modo
1083 1907 1196 1960 Gallum
1215 1904 1313 1960 ulcisci
1329 1917 1431 1979 parat,

433 2008 522 2065 modo
548 2024 614 2063 eum
645 2010 735 2065 Italia
763 2009 863 2081 ejicit,
892 2009 922 2062 in
951 2007 1086 2063 morbum
1113 2006 1233 2077 incidit,
1265 2027 1327 2082 qno
1357 2009 1433 2064 intra
1480 2079 1486 2088 .

433 2110 623 2187 paucissimos
640 2111 700 2166 dies
724 2111 893 2185 abstunptns
913 2109 1060 2165 clarissimi
1080 2109 1192 2164 iuuenis
1214 2128 1298 2184 spes,
1321 2112 1435 2188 eogita-

435 2227 539 2289 tnsque
566 2219 664 2269 omnes
688 2213 800 2268 euertit.
830 2213 911 2267 Idem
933 2222 1029 2265 tamen
1054 2211 1071 2265 a
1095 2215 1191 2266 Leone
1211 2214 1349 2284 Destino,
1383 2216 1435 2289 qui

435 2319 513 2374 Jnlt'o
535 2316 687 2386 successit,
709 2317 747 2371 ob
772 2326 908 2370 nauatam
929 2314 1061 2383 fortiter,
1087 2326 1115 2369 et
1135 2315 1340 2389 sapientissime
1360 2337 1434 2392 ope-

436 2439 498 2476 ram
514 2420 544 2474 in
559 2438 623 2475 arce
644 2417 851 2487 custodienda,
872 2397 1086 2492 Pontificzissrque
1106 2418 1246 2474 thesauris
1266 2419 1435 2495 ingentibus

435 2514 453 2578 it
474 2522 635 2596 direptione
659 2521 808 2578 seruandis
837 2527 938 2576 contra
963 2522 1121 2576 multorum
1144 2521 1286 2590 iusidias,
1317 2523 1368 2596 qui
1395 2523 1435 2579 eis

437 2625 605 2693 inhiabant,
621 2624 663 2678 'in
694 2641 774 2698 spem
797 2623 901 2678 iterum
929 2636 1060 2692 erectus,
1088 2635 1116 2680 et
1139 2625 1287 2698 Pontificis
1316 2627 1435 2698 pollici-

437 2726 608 2795 tationibus,
631 2737 659 2780 et
677 2726 823 2780 Francitci
837 2727 994 2781 Galliarum
1009 2727 1094 2800 Regis
1115 2726 1216 2788 fauore
1238 2727 1345 2797 fretus,
1366 2729 1435 2802 qui-

438 2849 504 2886 cnm
528 2827 703 2884 adfinitatem
725 2839 933 2897 contraxerat,
959 2819 1049 2903 'nepte
1071 2830 1131 2885 eius
1156 2831 1286 2885 Monaeci
1306 2833 1436 2885 Domina

436 2922 613 3005 Hieronymo
628 2931 719 2987 fratri·
728 2949 865 3006 germano
880 2950 933 2986 suo
947 2931 1052 3004 nuptui
1068 2933 1223 3000 collocata,
1245 2932 1315 2986 dum
1330 2936 1436 3006 Regem

438 3035 469 3090 in
491 3036 636 3090 AEmiliam
658 3034 695 3090 ad
716 3034 864 3106 Pontifices
890 3033 1090 3087 auctoritatem
1111 3051 1140 3088 se
1164 3033 1359 3089 conferentem
1382 3054 1436 3090 co-

439 3139 631 3206 mitatur',ex
648 3136 750 3191 itinere
766 3135 796 3190 iu
813 3135 948 3190 morbum
964 3134 1077 3205 incidit,
1100 3154 1159 3209 quo
1178 3137 1317 3209 pannulos
1335 3137 1437 3191 admo-

441 3241 511 3295 dum
534 3240 594 3295 dies
614 3239 753 3294 Bononiae
778 3234 984 3306 conflictatus,
1002 3241 1071 3292 dum
1095 3249 1123 3292 ct
1144 3241 1227 3307 fter,
1253 3239 1282 3293 'et
1301 3240 1388 3294 Ponti
1399 3259 1438 3294 ea

439 3343 478 3399 'de
498 3362 534 3399 eo
557 3343 689 3398 ornando
711 3341 840 3416 agitant,
858 3340 920 3415 ipse
941 3352 1052 3396 sextum
1070 3351 1099 3395 et
1118 3341 1285 3415 vigesimum
1305 3341 1437 3398 nondum

441 3446 585 3521 ingressus
606 3465 714 3501 annum
737 3457 766 3500 et
787 3444 960 3513 honoribus,
985 3455 1013 3498 et
1034 3443 1166 3498 humanis
1187 3443 1320 3500 omnibus
1341 3444 1434 3500 cessit?

318 3551 411 3603 Petrus
482 3549 539 3605 Sed
554 3548 614 3620 jam
632 3559 765 3603 reuertor
782 3548 819 3601 ad
839 3564 917 3602 meos
939 3549 1052 3602 Parrus
1067 3547 1243 3601 Manrnnnus
1256 3548 1437 3602 Florentinns

288 3616 487 3707 Mamllm'vir
507 3650 582 3705 inter
600 3649 689 3705 aetatis
709 3669 765 3704 suae
784 3649 926 3704 litteratos
947 3666 1007 3701 non
1025 3647 1157 3702 ultimum
1177 3648 1303 3703 obtinuit
1323 3649 1437 3718 locum‘,

443 3753 503 3812 siue
521 3765 554 3818 tu
576 3756 692 3822 Graeca,
713 3751 773 3807 siue
794 3752 915 3819 Latina,
936 3749 996 3805 siue
1016 3749 1102 3804 etiam
1120 3751 1264 3804 Hebrat'ca
1282 3769 1437 3824 posceres:

443 3858 537 3913 multae
558 3855 643 3912 etiarn
663 3855 791 3911 lectionis
811 3854 841 3908 in
861 3852 994 3908 omnibus
1015 3851 1170 3926 disciplinis
1188 3851 1260 3922 suit,
1287 3853 1438 3926 epistolam

443 3962 608 4034 eleganter,
634 3958 838 4034 epigrammata
855 3956 938 4012 acute
956 3967 984 4010 et
1003 3954 1114 4010 erudite
1140 3955 1318 4029 conscripsit.
1342 3956 1441 4030 Indig-

443 4063 559 4118 nissima
583 4073 678 4116 tamen
702 4061 789 4116 totius
813 4060 872 4115 fere
895 4057 1025 4132 corporis
1050 4057 1213 4113 valetudine
1240 4057 1439 4127 excruciatus,

444 4163 569 4222 articulis
592 4162 791 4220 miserabiliter
814 4161 942 4232 affectis,
966 4160 1105 4234 paralysi,
1129 4172 1156 4216 et
1180 4160 1319 4216 stomachi
1336 4159 1441 4216 ‘erudi-
