3202 5168
393 435 624 490 erraasrcxntr
645 435 859 492 Inraucrrsrr.
898 429 961 490 Lib.
984 432 1007 488 1.
1158 423 1196 484 35

206 559 326 618 miseriis
347 562 518 637 explicaret,
539 571 567 616 et
590 559 758 617 dulcissimae
779 575 888 632 sponsa
909 556 1008 625 famae,
1030 554 1196 630 nominique

191 665 402 741 prospiceret,
425 683 461 720 ex
484 663 639 719 editissimo
661 680 696 718 eo
719 662 782 718 loco
808 661 839 717 in
866 660 941 716 riam
962 659 1087 716 mediam
1111 676 1140 714 se
1166 642 1196 714 se

129 818 134 825 .
194 767 381 842 ,praecipitem
403 765 500 836 dedit,
528 785 587 839 quo
609 766 649 820 ita
674 764 752 820 totis.
765 763 876 820 ossibus
897 762 1015 832 colliso,
1042 772 1070 816 et
1101 761 1195 817 statim

207 870 388 939 exanimato,
418 868 521 939 Acer&
534 869 604 941 filia
629 885 661 922 re
680 877 833 942 percepta,
861 865 923 940 ipsa
952 883 1069 938 qnoque
1097 864 1196 938 sponsi

207 971 349 1028 desiderio
372 971 482 1027 sibimet
503 989 620 1044 manum
637 968 743 1024 inferre
762 968 902 1038 mutauit,
931 967 981 1025 sed
999 967 1127 1042 diligenti
1148 965 1195 1020 la-

206 1075 350 1132 miliarum
373 1074 571 1130 observatione
590 1073 753 1147 prohibita,
771 1071 986 1146 custoditaque,
1007 1080 1195 1144 posteaquam

97 1165 100 1174 ¹
193 1188 336 1252 ,tempore
358 1177 443 1232 dolor
468 1176 675 1249 aliquantulum
696 1174 841 1249 mitigatus
866 1184 927 1243 est,
957 1172 1114 1228 maritalem
1139 1189 1194 1245 pc-

206 1298 273 1336 rosa
294 1279 382 1334 vitam
402 1291 542 1353 perpetuo
560 1279 670 1334 victura
690 1278 819 1333 caelibatu
836 1276 970 1332 vestalem
989 1274 1082 1334 induit
1093 1294 1105 1346 ς
1125 1273 1195 1355 Yal·

206 1382 302 1439 desius
323 1382 412 1438 totius
433 1384 529 1437 Romae
551 1382 632 1436 luctu
653 1381 818 1454 deploratus
841 1391 892 1436 est.

255 1486 483 1544 Verbmomnes
509 1485 632 1554 mortis,
660 1495 688 1539 et
710 1483 762 1539 fati
784 1482 952 1542 acerbitates
974 1479 1140 1551 excessisse,
1165 1492 1194 1538 et

207 1586 345 1661 quicquid
362 1605 490 1660 unquam
508 1587 683 1642 truculentia
705 1585 773 1661 fuit,
797 1604 967 1660 exuperasse
989 1585 1058 1640 mihi
1079 1585 1193 1655 videtur

63 1721 66 1728 Α
112 1751 115 1758 ι
205 1691 360 1746 Fnaxc-rscr
380 1692 484 1744 Parum
509 1689 600 1745 exitus
622 1668 836 1746 infelicissimus
862 1688 982 1746 Juuenis
1000 1687 1024 1743 is
1043 1706 1078 1742 ex
1099 1687 1192 1762 patri-
1226 1680 1348 1762 ΡΜζὶῡῖε-

191 1792 283 1850 .ciatu
313 1803 433 1861 vestro,
460 1793 635 1861 Certumne,
668 1803 793 1872 tuusque
824 1791 923 1846 forsan
956 1791 1168 1865 condiscipulus
1182 1749 1347 1860 ,⁰¹⁵⁹Prlul¹⁴³

205 1896 302 1950 llomae
336 1894 421 1953 etiam
447 1913 507 1950 non
536 1889 687 1969 ignobilis,
723 1893 774 1967 qui
807 1895 950 1956 bonarum
979 1893 1193 1968 disciplinarum

134 2061 137 2068 .
188 1995 306 2052 ,studiis
329 1997 457 2052 eruditus
481 1997 670 2070 Asttologiam
696 1995 833 2070 imprimis
859 1977 1061 2065 adamauerat,
1085 1996 1191 2052 multa-

159 2135 163 2142 ·
206 2116 264 2171 que
287 2099 347 2154 eius
371 2098 493 2154 scientias
517 2116 622 2154 arcana
643 2098 674 2152 in
699 2097 862 2168 mortalium
886 2116 969 2154 usum
991 2098 1191 2167 reuelauerat,

205 2201 363 2275 Augustino
393 2201 479 2273 Gysio
503 2201 621 2276 Senensi
649 2199 712 2254 viro
741 2199 907 2258 diuitiarum
935 2199 1082 2274 opulentia
1114 2202 1192 2257 claro

189 2321 318 2364 ,summo
339 2321 426 2376 opere
451 2314 510 2358 tam
536 2303 574 2358 ob
596 2303 773 2358 nobilitatem
796 2301 928 2377 generis,
955 2302 1042 2376 quim
1065 2303 1105 2357 ob
1122 2303 1193 2359 doc·
1258 2325 1259 2332 ¹

187 2404 332 2473 trinam,
361 2415 390 2460 et
416 2405 637 2480 elegantissimos
660 2423 753 2460 mores
782 2423 872 2462 carus.
900 2408 976 2461 Ante
1000 2406 1094 2461 omnia
1123 2407 1192 2461 verb

184 2507 299 2562 -Leom'
327 2507 445 2562 Decimo
481 2509 565 2564 Pont.
600 2509 685 2564 Mace.
724 2509 960 2582 acceptissimus,
993 2508 1043 2582 qui
1076 2509 1194 2583 quidem

185 2608 342 2682 -Princeps
372 2619 401 2664 et
433 2610 587 2679 doctrina,
624 2620 653 2664 et
677 2610 783 2666 iudicio
812 2629 938 2666 summus
969 2611 1063 2666 dicere
1094 2611 1194 2667 solitus

155 2750 162 2760 ·
207 2722 286 2780 erat,
301 2711 507 2786 *Astrologiarn
537 2713 605 2768 olim
634 2714 786 2769 extinctam
812 2712 843 2767 in
864 2731 924 2768 uno
950 2713 1065 2768 demum
1094 2714 1193 2769 Priulo

206 2813 356 2868 reuexisse.
385 2815 430 2868 lta
456 2814 486 2868 in
513 2833 565 2884 eo,
591 2834 677 2889 quem
698 2817 735 2872 de
754 2815 813 2870 eius
841 2815 937 2891 genesi
963 2816 1171 2891 conscripserat
1182 2857 1194 2887 ,ἵ

205 2915 280 2988 libro
293 2915 467 2972 abditissima
481 2935 601 2992 quaeque
615 2927 748 2972 anteactae
761 2918 849 2974 acutis
863 2959 871 2988 ,
892 2929 921 2972 et
937 2918 989 2973 uni
1008 2918 1062 2993 ipsi
1079 2919 1197 2994 cognita,

204 3018 332 3092 Pn'ncipi
352 3019 543 3092 explicuerat,
574 3038 693 3094 quicque
712 3020 933 3090 incumberent,
954 3040 1075 3096 quaque
1095 3022 1219 3080 futura.

204 3130 317 3188 essent,
337 3120 375 3175 ad
394 3141 538 3196 unguem,
566 3134 599 3178 ut
623 3134 743 3179 euentus
763 3125 948 3198 postmodum
971 3125 1194 3199 conprobauit,

181 3219 245 3282 sin,
258 3220 384 3302 singulos
413 3223 472 3279 fere
497 3224 557 3280 dies
587 3225 767 3299 praedixerat.
800 3221 1051 3296 Quare'Pontifex
1075 3227 1132 3282 iam
1158 3228 1199 3283 de

183 3323 341 3398 -erigendo
369 3344 405 3380 eo
432 3326 633 3383 meditabatur.
658 3328 769 3384 Accidit
798 3329 867 3384 verb
881 3371 895 3400 ,.
915 3341 948 3384 ut
978 3329 1022 3386 ah¹
1043 3328 1131 3403 Gysio
1156 3329 1195 3386 ad

181 3426 345 3482 aluminis
376 3426 488 3482 fodinas
522 3428 654 3485 visendas
691 3430 883 3487 adduceretur
913 3432 1025 3488 iuuenis
1059 3432 1194 3488 intelicis-

183 3527 309 3598 ÷simns‚
331 3529 382 3584 ubi
407 3540 544 3586 statuerat
567 3549 595 3586 se
619 3550 649 3587 se
671 3533 879 3606 aliquantulum
903 3534 1067 3610 exhilarare.
1091 3537 1194 3610 Itaque

202 3629 274 3684 dum
306 3631 488 3702 venationes,
522 3634 591 3688 dnm
620 3629 799 3708 aucupatus,
834 3637 903 3692 dum
932 3637 1024 3706 retia,
1052 3655 1194 3711 canesque

201 3743 417 3805 procurantur,
452 3735 569 3810 diesque
604 3749 665 3794 tota
700 3739 792 3796 domo.
823 3739 948 3814 geniales
981 3740 1193 3811 instituuntur,

201 3833 298 3890 nescio
334 3836 398 3908 quis
431 3835 515 3893 furor
551 3839 679 3897 Priulum
714 3841 899 3915 occupauit,
933 3853 967 3898 ut
1003 3842 1039 3898 dc
1071 3842 1195 3898 conscis-

201 3935 293 3990 cenda
330 3936 383 3992 sibi
419 3939 594 3996 voluntaria-
614 3955 706 3998 morte
745 3945 893 4001 consilium
932 3959 1070 4021 caperet,
1107 3953 1195 4022 atque

201 4035 281 4091 baud·
300 4037 340 4092 ita
360 4043 450 4096 multi)
475 4056 542 4116 post
561 4047 709 4102 occasione
735 4048 830 4104 oblata
852 4049 867 4103 ὲ
888 4050 1046 4124 gestatione
1070 4050 1195 4123 quadam

202 4136 343 4194 declinata
365 4144 451 4198 turba
473 4145 503 4199 in
526 4165 627 4203 nemus
649 4167 682 4204 se
700 4150 863 4224 proximum
887 4151 1019 4221 abdidit,
1042 4153 1195 4226 nullosque

201 4235 242 4296 ibi
269 4253 369 4302 nactus
396 4243 520 4316 arbitros
540 4248 571 4308 in
592 4251 702 4328 aggeris
728 4252 838 4328 praealti
859 4255 991 4312 lacunam
1013 4271 1073 4312 sese
1092 4246 1192 4331 praeci-
