3186 5166
335 415 568 472 erraalronon
588 417 804 474 Inrnnrcrrlrn.
845 418 915 492 Lib,
930 420 971 474 11.
1113 415 1151 476 55

200 543 387 614 AErumnosus
410 542 494 616 etiam
518 541 572 612 fuit
594 545 746 599 Minentur
766 545 899 616 Vrnortrj
926 544 980 598 viri
997 546 1155 602 Florentini
1170 559 1312 611 ,Marcellus

161 644 270 714 exitus,
295 645 374 700 cuius
397 644 589 702 beatissimam
611 645 641 698 in
663 642 827 716 profitendo
854 646 986 718 copiam,
1009 659 1037 702 et
1060 647 1153 704 facili-
1167 628 1300 698 Virgilius.

161 758 250 802 tatem
275 765 373 802 ornnes
401 746 637 814 admirabantur,
666 745 774 822 quique
804 745 913 820 aliquot
938 733 1026 804 ⁴variae
1053 750 1153 805 erudi-

161 850 246 906 tionis
262 849 454 904 voluminibus
466 849 539 903 bene
555 848 671 902 litterati
682 848 804 904 bominis
818 867 924 904 nomen
934 847 1089 906 adsecutus*
1101 862 1152 909 est,

162 955 191 1010 Is
213 963 308 1006 autem
332 951 397 1006 cum
422 951 636 1006 rusticationem
660 962 793 1024 pararet,
823 970 929 1024 equum
954 953 1154 1024 inscensurus,

162 1055 211 1110 ab*
230 1072 264 1108 eo
294 1053 448 1109 ferociente
473 1071 626 1122 excussus,
658 1064 786 1109 mentum
816 1054 852 1108 ad
878 1055 995 1128 parietis
1018 1056 1156 1129 angulum

163 1155 291 1226 adflixit,
315 1157 440 1230 elisaque
461 1157 576 1234 lingua,
600 1156 733 1230 expedito
758 1176 906 1230 nunquam
926 1157 993 1212 inde
1019 1159 1155 1218 Sermone

163 1259 247 1315 effari
277 1259 376 1314 valuit.
408 1259 465 1326 Sed
488 1258 659 1332 balbutienti
686 1259 781 1315 similis
813 1279 847 1316 eo
869 1279 1018 1333 nunquam
1041 1259 1153 1320 incom-

164 1362 252 1417 modo
272 1360 379 1416 destitit
398 1357 547 1429 afflictari,
577 1360 626 1432 qui
648 1359 757 1417 videret
776 1377 855 1415 arma
878 1343 911 1415 ea
931 1361 985 1416 sibi
1007 1361 1153 1431 mutilata,

165 1483 290 1538 quorum
317 1482 371 1518 usu
396 1478 528 1536 magnam
556 1463 634 1536 apud
657 1465 791 1518 mortales
819 1464 939 1538 gloriam
964 1463 1152 1536 acquisierat,

164 1578 197 1621 ut
218 1567 328 1639 reliqua
350 1563 434 1620 missa
457 1565 577 1634 faciam,
605 1584 667 1638 quae
688 1565 802 1640 publice
824 1566 968 1620 hominem
988 1566 1153 1642 angebant,
1208 1583 1211 1588 ’

165 1669 244 1742 qubd
266 1669 355 1740 multa
376 1679 477 1724 contra
497 1670 672 1726 voluntatem
695 1687 792 1737 suam,
815 1681 843 1722 et
865 1681 969 1742 praeter
989 1669 1155 1743 opinionem

166 1771 299 1826 accidisse
316 1771 449 1841 videbat,
474 1783 507 1827 ut
535 1773 586 1845 qui
613 1771 805 1844 quorumdam
829 1771 977 1826 hominum
997 1771 1156 1844 potentiam

165 1851 318 1946 patientius
328 1873 406 1944 ,ferre
421 1892 480 1928 non
496 1885 629 1948 poterat,
645 1872 795 1945 minusque
808 1874 895 1927 ullam
911 1874 947 1930 ab
960 1872 1157 1934 huiuscemodi

166 1976 301 2030 molestiis
320 1974 530 2031 aberrationem
549 1974 698 2043 inuenire,
724 1974 753 2026 in
769 1992 803 2028 eo
818 1974 904 2029 vitam
921 1993 1040 2029 maerore
1053 1973 1155 2030 finiuit.

166 2141 170 2150 .
205 2077 270 2132 Fuit
297 2088 325 2132 et
350 2080 602 2144 ll1nnournus
634 2079 836 2132 Massiruus
868 2080 1001 2133 Etmscus
1032 2094 1157 2152 genere,
1181 2091 1313 2158 Hierony,

168 2180 219 2254 qui
246 2181 340 2252 multae
372 2179 526 2247 lectionis,
560 2177 819 2251 emunctissimique
848 2178 948 2252 judicij
979 2179 1024 2234 vir
1058 2182 1158 2234 Romoe
1169 2161 1312 2276 23:3²*

167 2283 278 2355 aliquot
291 2283 453 2356 Preizccpum
475 2282 491 2336 a
513 2281 628 2336 secretis
649 2280 781 2350 fidelem,
804 2293 832 2336 et
857 2281 1020 2356 diligentem
1041 2299 1159 2354 operam

168 2386 296 2440 nauauit.
319 2385 427 2439 Verum
452 2384 516 2438 cirm
544 2383 672 2458 ingratos
693 2383 889 2457 potentiorum
913 2383 1024 2458 aliquot
1048 2384 1158 2439 animoa

170 2499 303 2562 expertus
320 2486 511 2561 perquamdiu
530 2484 643 2554 fuisset,
665 2485 717 2540 sibi
739 2486 852 2540 demum
869 2485 966 2540 viuere
979 2486 1160 2556 decreuerat,

170 2608 279 2671 ¹suaque
302 2591 417 2652 demum
435 2609 539 2644 curans
555 2588 688 2662 sperabat
709 2589 772 2643 ritae
791 2589 933 2662 reliquum
953 2588 983 2642 in
1001 2588 1061 2651 otio
1079 2600 1157 2644 tran-

171 2693 283 2766 sigere,
317 2693 382 2748 cum
409 2711 472 2747 ecce
502 2692 685 2758 siccariorum
719 2702 849 2764 tempora
879 2691 1019 2764 ¹Hispanis
1039 2731 1049 2759 ,
1086 2698 1157 2746 Ger-

169 2796 318 2869 manisque
350 2795 387 2850 ad
420 2798 519 2850 Romoe
554 2793 745 2867 direptionem
779 2792 954 2847 irruentibus
991 2793 1156 2848 incubuere.

168 2897 220 2952 llic
244 2897 289 2952 ille
310 2897 418 2953 amissis
438 2898 522 2954 bonis
540 2897 691 2967 omnibus,
713 2907 833 2969 captus,
853 2895 1004 2964 venditus,
1026 2895 1159 2968 redemp-

170 3008 237 3068 tus,
269 3017 392 3072 moxque
424 3000 496 3072 alij,
527 3011 613 3072 atque
647 2999 693 3070 alij
727 2997 757 3054 in
787 2997 980 3070 captiuitatem
1012 2997 1158 3068 traditus,

168 3103 234 3156 cum
254 3113 318 3158 astu
340 3106 432 3158 Roma
460 3102 574 3157 demum
599 3101 769 3175 effugisset,
799 3111 827 3153 et
852 3111 983 3155 sexcenta
1005 3099 1035 3153 in
1056 3099 1159 3155 itinere

169 3203 232 3258 vitae
249 3204 375 3277 pericula
396 3203 527 3271 adiisset,
546 3203 562 3256 a
582 3202 693 3256 rusticis
714 3201 874 3256 latronibus
892 3212 959 3256 tunc
979 3201 1038 3256 vias
1060 3219 1158 3256 ornnes

170 3305 367 3360 obsidentibus
386 3306 458 3360 male
478 3305 577 3378 saepids
598 3316 752 3376 acceptus,
774 3304 907 3358 Venetias
927 3303 1042 3358 tandem
1067 3299 1161 3377 appli-

170 3419 288 3476 cuerat,
312 3406 352 3461 ibi
376 3407 406 3460 in
429 3407 553 3480 aliquam
574 3423 603 3459 se
624 3405 761 3458 latebram
786 3405 954 3474 abditurus,
981 3405 1052 3474 ubi,
1079 3406 1159 3478 quod

171 3509 319 3565 dictitabat
345 3507 521 3576 identidem,
546 3525 598 3560 nec
624 3506 823 3578 Pelopidarum
852 3525 976 3575 nornen,
1002 3525 1055 3561 nec
1085 3505 1160 3562 facta

171 3593 291 3666 audiret.
317 3613 352 3665 ln
374 3622 521 3684 posterum
539 3609 568 3663 vi
589 3618 808 3680 tempestatum,
832 3619 859 3660 et
882 3627 1024 3663 concursu
1046 3609 1161 3664 calami-

172 3725 262 3770 tatum
276 3713 478 3782 labefactatus,
493 3724 579 3785 atque
595 3711 765 3779 conuulsus,
781 3710 893 3778 tametsi
906 3710 1010 3764 horum
1020 3692 1161 3768 malorum

171 3817 251 3872 initia
272 3817 363 3871 multo
383 3827 448 3871 ante
468 3815 598 3883 viderat,
625 3824 652 3868 et
676 3811 795 3868 ventura
815 3812 1005 3885 praedixerat;
1029 3812 1059 3866 in
1081 3824 1161 3868 tanta

173 3928 267 3974 tamen
289 3937 386 3974 rerum
408 3919 535 3974 omnium
556 3916 722 3985 amissione,
746 3928 772 3970 et
793 3915 871 3988 quod
889 3915 1005 3988 grauius
1023 3916 1176 3989 angebat,
1248 3928 1250 3932 ⁴

171 4021 385 4094 recuperandi,
417 4033 467 4076 aut
499 4019 621 4094 parandi
655 4035 782 4090 unquam
812 4017 1034 4088 desperatione,
1067 4017 1162 4073 dolori

172 4122 265 4195 impar
281 4123 419 4192 effectus,
440 4122 518 4196 apud
538 4121 677 4176 Thomam
694 4119 875 4192 Carnpegr'um
891 4121 1064 4175 Feltrensem
1078 4117 1169 4176 Proe?
1190 4137 1194 4144 ·

171 4226 259 4286 sulem
280 4224 327 4280 vix
349 4224 450 4300 viginti
475 4223 587 4279 dierum
608 4221 700 4296 spatio
720 4219 750 4275 in
770 4219 899 4277 humanis
922 4220 985 4276 fuit.
