3202 5168
359 412 593 466 erraaaroauu
612 410 829 466 Inrumcmarr.
871 408 933 465 Lib.
956 407 995 465 11.
1129 400 1168 466 45

176 537 298 614 patriam
318 555 384 593 cnm
404 533 541 592 uniuerso
563 536 685 592 Groect'ae
703 538 802 610 lleguo
821 553 966 605 euersam,
987 545 1017 590 et
1038 553 1170 607 errores,

176 635 350 716 antequam,
364 638 424 704 ,uhi
435 637 600 704 ,consistere
621 649 738 713 posset,
762 637 924 708 inueniret,
948 637 1170 694 innumerabiles

176 743 328 811 omittam3
355 760 442 815 quam
467 741 602 798 miserum
624 740 695 796 illud
718 741 791 809 fuit,
815 739 896 814 quod
919 752 1056 814 susceptae
1080 742 1170 815 prolis

176 857 235 902 tam
258 862 417 900 numerosae
442 843 553 898 nullum
576 861 705 916 unquam
731 844 863 898 solatium
888 843 1036 916 percipere
1063 845 1167 918 potuit.

175 947 264 1014 Filia,
279 946 355 1002 enim
390 945 620 1020 incomparabilis
655 945 811 1000 honestatis
843 947 921 1000 Iano
951 945 1109 1010 Parrhasio
1139 946 1170 1001 in

175 1049 389 1106 matrimonium
419 1049 614 1117 collocatam,
647 1065 710 1102 eam
744 1047 823 1122 apud
857 1065 888 1102 se
923 1059 981 1103 tam
1008 1047 1059 1104 diu
1093 1050 1169 1104 alere

177 1163 292 1208 coactus
313 1161 375 1220 eat,
397 1149 577 1224 donec.post
600 1150 727 1224 aliquam
748 1167 891 1205 annorum
914 1151 1035 1220 seriem,
1057 1169 1092 1208 eo
1112 1151 1170 1207 iarn

175 1265 314 1324 mortno,
346 1258 405 1310 Leo
424 1248 507 1309 Pom.
530 1253 699 1322 Maximus,
726 1253 871 1308 conducto
893 1255 991 1323 Jano,
1017 1264 1050 1309 ut
1069 1258 1169 1312 Romae

175 1355 379 1432 profiteretur,
407 1373 528 1412 uxorem
545 1355 631 1411 etiam
659 1355 779 1430 ipsemet
796 1355 967 1412 auctoritate
984 1375 1037 1413 sua
1056 1357 1169 1414 traduci

175 1459 297 1516 iusserit.

148 1623 151 1632 ,
223 1566 268 1620 Ex
287 1563 414 1619 maribus
436 1573 533 1619 autem
554 1563 799 1620 Tuaoruacuu
820 1562 936 1638 ingenio
956 1574 985 1621 et
1007 1562 1168 1620 eruditione
1194 1568 1323 1637 llaeoplti·

174 1676 357 1741 praestantem
375 1665 498 1736 habuit,
523 1667 575 1740 qui
589 1667 648 1742 qud
670 1665 731 1740 spei
749 1667 865 1724 maioris
888 1686 948 1722 esse
970 1677 1109 1740 caeperat,
1133 1667 1167 1722 eo
1180 1639 1226 1688 ω’·

175 1753 350 1825 acerbiorem
370 1768 459 1844 patris
480 1769 589 1825 luctum
610 1768 686 1824 lecit.
703 1769 763 1826 Sub
786 1768 950 1826 doctissimo
973 1768 1049 1826 enim
1070 1780 1167 1844 patre,

175 1891 243 1927 mox
268 1883 296 1928 et
323 1872 379 1928 sub
404 1875 518 1928 Ioanne
547 1873 698 1942 Lascare,
734 1870 814 1927 cuius
845 1882 872 1926 et
902 1872 1112 1942 contubernio,
1138 1883 1167 1928 et

175 1974 303 2030 clientela
335 1974 526 2049 perquamdiu
563 1991 631 2030 usus
665 1972 785 2042 fuerat,
827 1974 949 2028 multum
966 1957 1165 2048 'profeceram

178 2077 354 2150 Graecisque,
378 2087 408 2132 et
423 2077 535 2133 Latinis
555 2076 655 2132 litteris
682 2074 811 2151 apprime
833 2075 962 2131 eruditus
990 2089 1059 2132 erat.
1090 2080 1164 2132 Pro-

174 2178 265 2240 fectus
293 2179 360 2235 hinc
383 2180 508 2255 Papiam
535 2178 708 2236 adultiores
734 2178 896 2252 disciplinas
923 2197 1056 2254 magnam
1079 2179 1165 2234 dese

174 2282 331 2339 concitarat
353 2284 597 2357 expectationem,
621 2285 685 2340 clrna
712 2293 796 2338 nocte
822 2282 969 2355 quadam,
995 2283 1064 2338 dum
1088 2282 1165 2356 apud

173 2383 422 2448 amicoscaenatua
438 2385 557 2441 domum
582 2404 612 2442 se
633 2384 756 2458 recipit,
777 2385 814 2439 ab
836 2383 890 2453 iis,
915 2384 967 2458 qui
988 2384 1084 2440 alienae
1108 2383 1166 2438 vir·

173 2486 229 2544 tuti
250 2486 435 2559 inridebant,
457 2488 624 2545 interfectus
650 2500 701 2545 est.

211 2590 304 2647 Huius
317 2591 387 2646 vero
404 2609 557 2666 germanus
570 2592 658 2646 irater
669 2595 802 2647 Basmaus
816 2591 1036 2648 Craucoanmas
1055 2609 1166 2646 summa
1196 2607 1310 2660 papa„

173 2703 202 2749 et
228 2693 291 2767 ipse
322 2693 509 2762 craecarum,
543 2694 765 2768 Latinarumque
794 2693 954 2749 litterarum
979 2693 1164 2763 eruditione,

171 2795 222 2852 sed
244 2795 329 2870 longe
354 2795 469 2852 maioris
493 2797 554 2870 spei
575 2797 687 2852 iuuenis
715 2797 762 2852 vix
785 2807 921 2870 quartum
943 2808 971 2853 et
998 2797 1165 2872 vigesimum

171 2897 261 2957 utatis
293 2916 401 2954 annum
432 2917 548 2974 agens,
581 2901 646 2955 ciam
678 2919 788 2957 summa
819 2899 948 2956 omnium
975 2900 1165 2956 admiratione

175 3003 292 3058 Groecas
318 3002 426 3056 litteras
455 3001 492 3065 in,
515 3006 645 3058 Romano
670 3003 826 3075 Gymnast‘o
849 2993 1055 3076 profiteretur,
1083 3001 1163 3076 rapi-

172 3103 288 3162 dissima
306 3116 455 3178 correptus
475 3104 550 3166 febri
569 3104 768 3174 florentissima
787 3105 817 3158 in
835 3115 917 3160 aetate
938 3103 1089 3160 defunctus
1111 3116 1162 3160 est.

172 3207 295 3280 Magnus
315 3205 516 3268 illenimirum
536 3207 668 3276 futurus,
695 3206 749 3262 nisi
772 3207 830 3262 sata
854 3207 994 3260 tantillum
1018 3206 1049 3261 id
1072 3206 1164 3262 fetici-

173 3308 237 3364 tatis
258 3327 364 3366 euersae
385 3308 442 3364 iam
466 3320 527 3363 tum
550 3309 670 3365 Groecioe
692 3308 751 3364 siue
776 3309 902 3382 Regma,
929 3308 989 3364 sine
1011 3307 1165 3382 Republica

172 3411 230 3470 ulla
251 3410 311 3465 sine
332 3410 399 3466 viris
421 3411 632 3484 propemodum
651 3411 830 3482 inuidisseut·

210 3513 273 3568 Hoc
292 3512 368 3568 enim
387 3525 506 3588 erepto,
525 3524 553 3568 et
572 3515 709 3583 Musuro,
739 3514 867 3583 sublato,
891 3515 938 3569 vix
958 3533 1033 3570 unus
1053 3525 1165 3569 tantum

172 3617 308 3678 Joaruas
324 3617 462 3678 Lascaars
483 3625 526 3670 est
547 3626 716 3698 superstes,
745 3615 795 3689 qui
820 3615 938 3672 litterati
959 3635 1065 3671 nomeu
1090 3616 1165 3670 inter
1209 3647 1320 3697 lom„

172 3719 285 3776 Graecos
310 3716 446 3772 obtineat.
469 3719 571 3790 Neque
594 3716 711 3789 quidem
730 3717 776 3771 ille
795 3719 854 3786 ulla
876 3736 1004 3792 unquam
1024 3719 1087 3773 vitae
1108 3736 1164 3773 suae
1178 3712 1295 3764 Leswl'l's·

173 3829 339 3892 tempestate
370 3819 461 3889 felix,
484 3819 538 3874 nisi
561 3832 700 3894 quantum
727 3821 832 3877 uirtute
847 3839 859 3891 3.
888 3833 916 3877 et
943 3821 1080 3894 sapientia
1114 3839 1165 3876 sua

172 3939 287 3991 omnes,
308 3933 336 3976 et
358 3921 480 3978 fortunae
499 3921 638 3980 saeuientis
659 3923 805 3996 impetus,
824 3935 852 3980 et
864 3923 1033 3979 valetudinis
1054 3924 1162 3992 etiam,

171 4042 229 4097 qua
249 4025 286 4080 de
307 4026 426 4088 artubus
447 4025 579 4081 omnibus
597 4027 723 4097 laborat,
746 4027 925 4084 atrocitatem
944 4039 1090 4101 exuperat.
1107 4027 1164 4085 Sed

170 4126 246 4188 enim
274 4145 326 4184 cur
344 4127 478 4186 ,aliorum
504 4147 558 4205 ego
583 4131 725 4188 desolatas
755 4131 857 4204 domos
883 4149 1069 4208 percurram,
1098 4130 1173 4186 clam-
