3186 5166
682 449 805 502 losnrus
825 409 922 518 rnnj
944 449 1131 519 Veranium,
1152 469 1190 506 na
1392 443 1431 510 64

436 583 464 630 et
484 572 589 648 scripta
613 591 665 629 sua
687 574 783 631 omnia
805 575 980 632 asseruanda
1000 576 1216 634 transmisserat.
1240 577 1353 636 Accidit
1375 597 1432 636 au-

435 687 512 746 tem,
534 688 567 732 ut
589 677 620 742 id
643 677 786 753 praecipue
809 678 949 753 oppidum
967 679 1118 750 Laurentis
1135 681 1247 736 Medici
1261 683 1350 738 Ducis
1366 683 1430 738 vir-
1495 683 1499 694 '

415 853 417 860 Ι
434 789 495 834 tute
515 792 685 856 caperetur,
705 781 792 856 vique
812 782 941 858 ingresso
960 781 1049 837 milite
1071 783 1150 837 nullo
1173 783 1335 840 discrimine
1355 785 1429 842 diri-

366 898 368 902 ·
401 962 404 967 .
433 893 560 956 peretur.
583 886 649 953 Quo
671 883 717 939 ille
742 895 861 958 accepto
882 884 1003 955 nuntio,
1032 885 1097 944 ciam
1121 885 1290 961 descriptis
1315 888 1429 946 tantiam

432 985 490 1041 suis
521 986 657 1042 sollicitus
687 998 780 1057 esset,
816 967 921 1071 neque¹
941 988 1000 1044 ulla
1026 1007 1127 1061 eorum
1160 990 1427 1064 recuperandorum

364 1081 367 1088 ”
432 1107 496 1164 spes
524 1089 711 1166 adfulgeret,
746 1107 865 1167 grauem
894 1091 968 1147 adei>
998 1092 1156 1148 molestiam
1187 1110 1222 1148 cx
1250 1111 1284 1149 ea
1311 1093 1427 1167 jactura

431 1193 602 1264 contraxit,
634 1205 668 1250 ut
700 1194 768 1250 inde
801 1195 991 1265 valetudine,
1025 1205 1054 1250 et
1085 1214 1205 1252 maerore
1238 1196 1428 1253 insolabiliter

431 1293 559 1351 offensus
582 1296 749 1371 grauissimi
771 1310 911 1372 agrotare
936 1297 1067 1372 caeperit,
1092 1305 1121 1353 et
1141 1315 1229 1368 mox,
1254 1300 1319 1355 ciam
1343 1301 1425 1356 nullo

429 1399 518 1455 modo
536 1400 664 1456 dolorem
685 1399 829 1455 exhauriri
851 1412 1018 1473 pateretur,
1039 1401 1183 1475 jacturam
1202 1401 1335 1458 laborum
1355 1421 1426 1460 suo⁴

429 1504 494 1559 rdm
519 1503 733 1559 immoderatius
758 1501 870 1573 ferens,
893 1504 1017 1574 morbo,
1042 1515 1071 1560 et
1095 1522 1164 1560 cura
1184 1522 1218 1559 ea
1243 1503 1424 1564 conflictatus

429 1607 574 1662 occubuit.

305 1728 414 1798 qums„
474 1689 561 1765 Periit
586 1720 614 1764 et
634 1709 748 1783 jactura
770 1710 1015 1766 rerumoflensus
1036 1713 1158 1766 Turno
1185 1713 1349 1781 Daunias,
1376 1711 1422 1768 vir

272 1795 403 1848 Dalmata.
425 1811 472 1868 cui
492 1823 590 1868 nostra
611 1824 679 1869 aetas
698 1813 857 1870 rarissimos
880 1812 996 1884 habuit,
1019 1833 1094 1888 quos
1115 1815 1305 1884 Latinarum,
1334 1817 1419 1872 Gra-

423 1933 575 1991 carumque
596 1916 755 1972 litterarum
774 1915 938 1992 cognitione
959 1915 1090 1972 conferre
1113 1928 1219 1991 posset.
1244 1919 1315 1973 Erat
1339 1916 1419 1974 insu-

422 2037 476 2093 per
508 2020 703 2094 Philosophia
731 2019 832 2082 studiis
862 2015 1078 2090 deditissimus,
1110 2020 1141 2075 in
1172 2039 1257 2076 versu
1285 2019 1418 2077 faciendo

422 2125 552 2198 elegans,
582 2135 703 2194 acutus,
727 2123 912 2200 ingeniosus,
940 2134 969 2179 et
988 2134 1101 2193 tersus,
1129 2124 1266 2180 educatus
1294 2126 1418 2180 Venetiia

421 2227 500 2302 apud
519 2227 706 2282 clarissimum
726 2227 887 2282 litteratura
908 2226 1002 2281 virum
1023 2226 1228 2300 Hieronymum
1250 2230 1416 2298 Donatum,

419 2348 486 2386 mox
506 2331 651 2386 Albertnm
668 2329 751 2386 Pium
773 2331 929 2404 Carporum
948 2329 1106 2403 Principem
1127 2340 1254 2399 secutus,
1271 2329 1416 2405 reliquum

418 2433 482 2488 vitae
508 2443 620 2506 tempus
645 2431 778 2507 auspiciis
800 2433 862 2505 ejus
885 2431 1031 2506 transegit.
1070 2430 1183 2487 Accidit
1208 2433 1278 2488 verb
1305 2432 1416 2489 bomini

419 2537 530 2609 aliquot
550 2537 586 2591 ab
606 2536 671 2592 hinc
696 2535 777 2591 annis
799 2536 898 2590 maniae
920 2535 1028 2610 species
1050 2536 1182 2609 quaedam
1202 2536 1360 2606 Timonica,
1380 2547 1415 2592 ut

416 2639 574 2694 humanum
596 2657 680 2694 omne
708 2657 797 2713 genus
821 2637 964 2707 euitaret,
995 2638 1159 2712 nulliusque
1187 2640 1413 2696 contubernium

418 2743 495 2796 ultra
524 2741 666 2811 biduum,
699 2753 749 2797 aut
774 2742 902 2797 triduum
926 2740 1001 2796 ferre
1028 2752 1146 2814 posset,
1174 2742 1245 2820 quin
1272 2742 1360 2801 etiam
1382 2753 1413 2800 et
1498 2755 1501 2762 “

417 2844 562 2917 colloquia
589 2844 651 2917 ipsa
680 2843 885 2900 studiosissimi
910 2843 1081 2899 declinabat.
1110 2843 1201 2916 Cujus
1224 2845 1267 2900 rei
1296 2863 1411 2902 causam

416 2947 546 3003 nonnulli
559 2948 750 3019 arbitrantur,
762 2949 842 3023 quod
856 2963 955 3004 aurees
969 2963 1102 3002 nummos
1114 2946 1227 3002 circiter
1236 2947 1411 3024 quingentos

414 3051 541 3107 insuerat
562 3052 672 3122 toraci,
693 3064 831 3126 metuque
849 3052 1016 3126 perculsus,
1040 3067 1076 3105 ne
1100 3049 1302 3124 deriperetur,
1328 3051 1407 3107 ultrd

415 3173 513 3212 omnes
537 3154 687 3230 fugitabat.
717 3155 841 3230 Vulgata
866 3165 961 3208 autem
982 3171 1028 3208 res
1052 3162 1131 3222 erat,
1158 3164 1186 3208 et
1208 3152 1260 3208 ubi
1281 3154 1409 3227 primum

413 3257 450 3314 de
466 3269 563 3313 torace
581 3277 634 3312 suo
651 3257 825 3314 mentionem
842 3253 905 3311 fieri
923 3254 1187 3326 animaduertebat,
1209 3267 1327 3329 arrepto
1349 3267 1409 3312 sta-

413 3358 463 3416 tim
483 3360 583 3416 itinere
603 3360 633 3414 in
652 3360 740 3429 alias,
760 3370 847 3434 atque
865 3359 932 3413 alias
954 3358 1040 3413 urbes
1059 3357 1275 3432 commigrabat.
1290 3357 1406 3415 Accidit

348 3466 354 3474 '
411 3465 481 3519 'verb
497 3475 530 3519 ut
546 3482 648 3519 aurum
667 3463 698 3517 id
716 3463 928 3537 surriperetur,
950 3480 1009 3534 quo
1025 3461 1072 3516 ille
1094 3478 1162 3516 casu
1185 3473 1404 3534 consternatus,

339 3635 343 3646 ‚
411 3545 604 3640 efferatusquc
621 3566 853 3642 propemodum,
877 3564 894 3620 i
917 3581 1004 3638 seque
1024 3563 1140 3638 penitus
1160 3564 1316 3633 alienatus,
1339 3566 1406 3621 cirm

411 3683 541 3726 euertere
570 3670 587 3724 d
612 3669 735 3724 nummis
761 3668 964 3744 cogitationem
986 3667 1103 3723 mimate
1131 3678 1251 3742 posset,
1281 3668 1405 3737 dolore,
1499 3699 1503 3706 ·

409 3785 437 3830 et
462 3772 629 3850 aegritudine
661 3790 816 3846 oppressus
842 3769 1039 3826 miserabiliter
1066 3769 1178 3825 defecit.
1203 3771 1241 3825 Et
1264 3770 1404 3844 quoniam

409 3877 502 3932 oratio
532 3895 578 3932 me
606 3876 644 3931 ad
676 3877 798 3930 Venetos
824 3873 990 3942 transtulit,
1019 3873 1124 3928 horum
1155 3872 1264 3945 aliquot
1291 3872 1322 3926 in
1346 3873 1404 3928 hac

407 3981 479 4035 urbe
507 3979 590 4034 vobis
613 3977 746 4034 omnibus
769 3976 808 4031 oh
835 3974 1000 4052 ingenium,
1029 3987 1057 4031 et
1081 3975 1242 4031 doctrinam
1264 3973 1402 4049 cognitis-

408 4083 494 4138 simos
515 4081 692 4136 memorabo.

252 4173 395 4225 D⁰m²¹m⁸⁰¹ss
453 4188 622 4241 Dounucns
655 4185 853 4240 Sinasroruns
879 4182 1002 4236 Venetus
1036 4199 1095 4235 non
1126 4179 1354 4250 contemnendae,
1367 4178 1399 4234 in

282 4240 544 4301 Sarute-‚„,
655 4283 661 4296 .
815 4282 893 4295 ...
983 4281 1011 4294 ..
1130 4281 1136 4294 .

282 4310 345 4359 ,η’ω,
406 4288 560 4363 disciplinis
585 4285 718 4341 omnibus
741 4283 909 4340 eruditionis
931 4283 1099 4356 politiorum
1118 4282 1278 4339 btterarum
1302 4282 1396 4339 facul-
