3186 5166
357 422 590 478 errnssronnrt
611 419 828 477 laramctrsru.
868 377 930 471 Lib.
951 417 991 472 11.
1120 409 1159 470 53

169 547 319 607 obruisset.
347 548 404 606 Sed
430 546 567 621 quoniam
590 548 723 604 Etruscos
751 545 768 600 t
797 563 842 602 me
872 543 1014 604 recenseri
1044 544 1157 618 cupitis.

168 652 253 708 Unde
279 650 375 726 potiits
405 650 539 725 incipiam
567 650 655 726 quim
681 650 718 706 ab
749 669 811 720 co,
838 650 889 724 qui
919 649 1006 706 totius
1033 649 1159 704 Etruria

167 755 263 810 lumen
284 773 344 810 esse
364 753 505 828 caperat?
838 753 841 760 ’

217 857 283 913 Fuit
306 867 402 913 autem
429 857 452 914 is
477 860 590 914 Parrus
615 860 749 914 Mamers
775 833 925 928 Ldurcna'j
936 857 1037 930 filius,
1063 856 1157 910 viret
1203 867 1294 919 Petras

169 959 295 1028 (ἕνωσίν,
325 971 353 1014 et
378 959 490 1014 Lanam
516 958 640 1029 litteris,
673 959 803 1034 optime,
833 959 914 1033 quod
928 978 1041 1016 omnes
1069 933 1288 1014 latea-M‘dioe'·

166 1061 256 1130 mini,
281 1063 400 1136 peritus.
421 1064 497 1119 Nam
520 1062 576 1118 hoc
600 1073 628 1118 ct
652 1060 758 1136 scripta
779 1060 839 1120 eius
859 1061 1006 1131 indicant,
1027 1073 1056 1116 et
1076 1080 1156 1136 quse-

167 1162 234 1218 dam
262 1183 297 1218 ex
322 1153 497 1234 Plutarcho,
528 1164 564 1219 de
584 1141 690 1220 Arnore
718 1163 893 1238 Coniugali,
923 1183 986 1237 quas
1013 1164 1156 1232 vidimus,

166 1267 299 1322 traducta
330 1267 367 1323 ab
399 1285 457 1336 eo,
486 1265 707 1342 locupletissime
736 1278 887 1326 testantur.
922 1269 979 1326 Sed
1012 1267 1087 1324 vices
1110 1267 1157 1324 hic

167 1387 284 1441 quoque
301 1387 366 1426 suas
388 1380 541 1443 expertus,
557 1381 624 1444 post
637 1369 789 1442 Laurentis
800 1370 890 1444 patris
906 1370 1017 1426 obitum
1031 1370 1157 1426 deiectus

167 1471 204 1524 de
233 1472 393 1528 Florcaaiti
421 1471 540 1545 dominij
567 1472 813 1528 administratione
841 1491 894 1545 per
922 1463 1079 1542 factiosos,
1107 1473 1157 1546 qui

164 1571 228 1626 vitae
260 1573 345 1630 etiam
371 1574 431 1632 eius
460 1574 694 1645 insidiabantur,
723 1576 787 1632 cum
816 1575 901 1632 variis
928 1593 982 1652 per
1014 1587 1157 1631 terrarum

164 1674 264 1729 orbem
297 1677 575 1751 peregrinationibus
603 1680 729 1754 agitatus
768 1690 866 1749 esset,
898 1679 1035 1736 auxilium
1069 1689 1157 1752 atque

164 1795 249 1851 opem
267 1779 459 1854 undecunque
479 1781 704 1856 imploraturus,
725 1783 844 1840 Gallicae
862 1783 977 1840 demum
1000 1781 1157 1837 adhaeserat

163 1879 281 1935 factioni
305 1883 388 1938 :Sed
417 1883 516 1952 victo,
548 1884 706 1959 fugatoque
732 1885 769 1942 ab
795 1885 931 1958 Hispanis
956 1883 1035 1940 iuxta
1058 1884 1156 1957 Lyrim

162 2001 263 2038 eorum
285 1984 428 2054 exercitu,
458 1987 558 2044 Caieta
583 1987 662 2061 ipso,
685 1987 737 2042 ubi
760 2007 826 2044 cum
853 2007 944 2044 uxore
970 1988 1156 2056 consederat,

162 2086 299 2161 aufugere
321 2089 461 2160 parabat3
485 2089 612 2164 dumque
636 2108 740 2148 tranem
757 2091 907 2158 incendit,
929 2090 999 2144 mari
1022 2067 1156 2162 procellis

162 2199 326 2266 commoto,
352 2169 512 2248 fatiscente*
527 2192 621 2248 statim
646 2192 732 2262 naui,
761 2191 821 2248 siue
852 2192 948 2266 potiits
971 2191 1155 2248 multitudine

161 2288 345 2348 insilientium
361 2312 522 2368 oppressa,
544 2313 610 2350 cum
630 2312 664 2348 ea
687 2305 752 2352 ante
774 2306 957 2368 conspectum
969 2295 1155 2367 Alphonsinae

162 2392 280 2464 uxoris,
303 2393 335 2452 in
357 2395 422 2470 ipso
439 2408 530 2470 portu
552 2395 632 2452 urbis
658 2396 675 2451 a
698 2397 854 2452 vorticibus
878 2395 1034 2452 deuoratus
1063 2409 1114 2452 est.

199 2495 289 2572 Simili
304 2498 404 2553 mortis
418 2516 522 2574 genere
545 2498 674 2556 sublatus
691 2509 734 2556 est
750 2501 906 2554 Masurius
925 2501 1153 2570 Tancuoarort3
1167 2515 1306 2568 Mamm,

160 2597 211 2676 qui
224 2612 337 2674 quauta
357 2600 444 2656 fuerit
463 2600 652 2670 cruditionis,
681 2601 781 2675 hymni
801 2611 830 2656 et
852 2601 1057 2676 epigrammata
1076 2601 1152 2673 eius,
1165 2583 1281 2700 {2:5³¹sp

160 2720 223 2774 quse
239 2721 421 2776 magnacum
435 2705 521 2760 laude
534 2703 662 2761 omnium
682 2704 712 2758 in
733 2703 864 2760 manibus
878 2716 1029 2762 versantur
1043 2747 1051 2774 ,
1070 2705 1153 2760 facile

158 2803 295 2873 indicant,
309 2816 371 2859 tum
384 2805 535 2861 inchoatus
550 2806 623 2861 liber
637 2808 672 2862 de
681 2807 812 2882 Principe
825 2825 926 2862 eorum
938 2807 1067 2862 omnium
1077 2808 1154 2864 iudi-

158 2906 221 2977 cio,
237 2907 288 2980 qui
302 2926 374 2981 opus
389 2907 550 2983 inspexere,
572 2910 770 2984 antiquitatem
786 2909 815 2964 iu
831 2921 975 2966 certarnen
991 2928 1151 2983 prouocare

158 3009 310 3066 iudicatur.
336 3011 389 3066 Hic
418 3023 514 3068 tamen
538 3024 597 3068 tam
618 3013 731 3068 sublimi
756 3011 890 3087 ingenio,
917 3023 1052 3086 tantaque
1078 3013 1150 3068 doc-

159 3112 233 3168 trina
266 3111 330 3182 vir,
364 3114 502 3186 quamdiu
535 3114 625 3184 vixit,
656 3114 771 3168 militari
801 3115 945 3188 stipendio
980 3133 1040 3170 sese
1074 3117 1151 3170 alere

158 3225 303 3284 coactus,
328 3215 358 3270 in
382 3217 497 3272 assiduo
520 3236 632 3290 semper
657 3218 756 3272 labore
783 3218 870 3274 vitam
902 3219 989 3276 traxit
1016 3219 1150 3275 infelicis-

158 3316 280 3386 simam,
311 3318 416 3374 nullius
438 3338 567 3392 unquam
582 3319 731 3393 ¹Principis
756 3321 925 3377 liberalitate
947 3321 987 3376 ita
1014 3321 1149 3390 adiutus,

157 3429 190 3475 ut
220 3418 250 3472 in
277 3419 436 3478 litterarum
463 3422 554 3479 otium
582 3441 612 3480 se
637 3421 768 3480 conferre
791 3435 897 3496 posset.
930 3427 1052 3480 Domum
1080 3425 1149 3482 dum

157 3521 276 3590 Siclam,
291 3523 343 3595 qut
363 3524 430 3580 olim
439 3525 542 3580 Coeiaa
564 3524 733 3594 dicebatur,
756 3523 876 3580 flantium
898 3527 942 3581 vel
961 3527 1061 3600 exigua
1082 3538 1149 3584 tuno

157 3639 234 3696 aqua
256 3622 392 3682 fluentem
412 3627 579 3701 ingressus,
603 3627 664 3684 siue
686 3646 794 3701 equum
814 3639 990 3702 potaturus,
1014 3629 1074 3686 siue
1094 3629 1148 3686 ulia

157 3723 193 3798 de
219 3743 304 3782 causa
330 3728 472 3785 tantillum
493 3731 684 3801 immoratus,
714 3730 800 3787 sensit
826 3749 933 3804 equum
956 3731 1148 3788 anterioribus

155 3828 277 3900 pedibus
295 3828 334 3883 ita
354 3829 385 3884 in
401 3849 501 3888 arenas
517 3833 592 3888 aluei
613 3851 725 3908 semper
741 3831 821 3890 inlidi
840 3833 1025 3908 voraginosas
1045 3835 1145 3891 absor-

155 3928 231 3997 beri,
250 3941 283 3985 ut
303 3949 447 4007 emergere
464 3934 531 3990 inde
549 3953 608 3992 non
626 3946 736 4009 posset,
757 3936 883 4008 dumque
903 3935 1066 4011 indignatus
1082 3957 1147 3993 cum

155 4030 312 4088 calcaribus
333 4035 456 4108 adurget
477 4036 536 4091 una
560 4055 625 4092 curu
648 4055 682 4092 eo
706 4037 736 4092 in
760 4057 869 4094 caenum
887 4041 1060 4112 prouolutus
1085 4051 1145 4111 est,

154 4130 337 4208 impactoque
351 4154 435 4192 crure
453 4138 507 4193 sub
521 4139 638 4212 canterij
655 4151 797 4212 ventrem,
819 4141 884 4253 cigm
901 4160 995 4216 neque
1009 4161 1145 4220 surgere,
