3202 5168
323 409 555 500 erraairoauu
576 445 791 500 instructura.
833 445 896 502 Lib.
919 447 942 501 1.
1113 443 1137 502 δ’

131 571 208 628 euim
231 581 312 628 tuum
333 570 389 626 hoc
411 571 526 644 explere
545 569 728 625 desiderium.
752 570 809 628 Sed
833 569 926 640 euim,
951 571 1018 646 quia
1037 573 1132 648 platea

133 673 192 727 func
209 671 346 746 Agouufis
367 683 425 728 tam
446 672 537 746 fongae
558 671 722 746 repetitioni
743 671 925 730 incommoda
945 685 1004 744 est,
1024 674 1132 749 positas

139 773 155 828 ὲ
176 773 294 848 regione
311 775 439 830 Melinos
458 773 654 848 ingrediamur
674 774 765 844 redes,
786 786 874 848 atqua
894 775 934 832 ibi
955 775 1085 832 sedentes
1101 777 1132 832 in

131 877 211 932 Petri
221 877 312 932 nostri
327 877 545 951 cryptoporticu
562 895 624 932 rem
636 878 728 952 ipsam
743 877 781 934 ab
795 897 851 934 ovo
866 879 919 936 tibi
938 879 1130 940 recitabimusz

132 978 266 1051 Optime,
285 978 379 1051 inquit
399 982 516 1044 Graiam
533 980 595 1052 qud
612 979 690 1036 cuim
708 979 842 1036 libentius
857 981 1012 1038 Commu
1025 981 1132 1038 exclusi

132 1079 277 1154 colloquio
302 1080 500 1138 diuersamusi
535 1080 789 1155 Opportunissime
818 1081 936 1155 inquam
963 1101 1037 1157 ego,
1064 1101 1130 1138 nam
1219 1092 1221 1104 '

133 1181 200 1255 quia
225 1183 414 1238 Contarenum
434 1180 514 1238 domi
536 1201 595 1238 non
616 1181 813 1251 offenderam,
837 1183 875 1240 ad
894 1185 1035 1242 Melinum
1052 1186 1130 1242 recti

132 1285 272 1340 redibam.
290 1283 344 1340 Hic
371 1285 495 1340 Cofotim
515 1285 712 1342 sublatarum
734 1303 785 1340 ore
806 1302 914 1355 manu,
936 1286 955 1342 ὸ
975 1286 1131 1344 Geniorum

132 1386 244 1460 inquit,
266 1387 344 1455 vim,
366 1398 454 1460 atquc
467 1386 671 1456 conconfiam,
693 1387 712 1442 ὸ
734 1405 847 1462 semper
868 1389 1032 1458 unanimes,
1057 1383 1132 1464 quos

131 1489 207 1546 idem
229 1487 318 1546 afficit
344 1489 491 1558 studium,
527 1506 593 1544 nam
617 1489 704 1548 rebus
730 1490 816 1548 etiam
845 1491 964 1567 agendis
986 1503 1131 1566 spectrum
1199 1545 1203 1554 ‚

131 1592 207 1660 idem
219 1591 328 1648 eodem*
339 1591 442 1650 inuitat
461 1603 604 1666 tempore,
620 1603 650 1648 et
668 1592 749 1666 quod
760 1593 975 1668 antiquissimus
989 1593 1029 1650 ait
1041 1596 1131 1650 Poeta

132 1693 198 1762 ἄγου
210 1691 270 1762 set,
288 1691 331 1752 ris
351 1688 432 1760 frum
451 1691 511 1768 asie
529 1690 572 1754 sis
588 1690 677 1760 fmus
703 1696 761 1754 sed
782 1715 847 1754 ecce
864 1696 947 1754 vobis
957 1696 1130 1754 Mefiuumi

132 1796 229 1856 limine
253 1815 306 1853 nos
331 1796 520 1865 inuitantem3
546 1797 575 1852 iu
601 1808 731 1872 tempore
751 1798 856 1854 omnia.
878 1799 951 1855 Ciam
970 1799 1059 1874 igitur
1081 1797 1129 1854 in-

96 1933 101 1942 =
131 1900 220 1974 gressi
241 1917 387 1970 essemus,
405 1910 433 1955 et
455 1901 582 1956 Meliora
601 1917 716 1956 scamna
737 1899 836 1956 afferri
851 1899 999 1973 jussisset,
1018 1917 1136 1975 nosque.

132 2001 351 2058 adsedissemus.

183 2108 330 2176 Quorsum
349 2104 444 2179 inquit
471 2105 619 2174 Melicas,
647 2103 729 2162 vobis
753 2103 809 2160 iter
829 2114 911 2173 erat,
936 2113 986 2160 aut
1007 2103 1058 2178 qui
1078 2121 1130 2160 vos

130 2207 200 2262 mihi
230 2206 446 2269 iucundissimas
476 2207 584 2264 animas
605 2225 742 2276 casusve,
769 2205 953 2262 consiliumve
986 2205 1018 2262 in
1039 2224 1130 2262 unum

132 2309 249 2384 coegit?
273 2309 321 2364 Ad
340 2321 367 2364 te
387 2309 480 2384 inquit
497 2313 615 2378 Gratia,
634 2309 825 2379 diuertimus,
849 2319 1039 2383 posteaquam
1051 2309 1128 2365 Cou-

131 2423 275 2482 tareuum,
295 2413 333 2470 ad
350 2431 436 2486 quem
457 2429 618 2468 sermonem
636 2411 801 2488 hesternum
821 2410 1017 2468 continuaturi
1036 2403 1137 2467 accesss

132 2532 276 2582 seramus,
306 2513 385 2571 donsi
405 2533 466 2570 non
490 2515 700 2569 inueneramus.
727 2514 814 2570 Recto
840 2512 962 2588 suscepit
986 2514 1129 2583 Medicus,

26 2649 29 2654 ·
131 2617 270 2674 sermonis
295 2615 418 2672 hesterni
449 2615 623 2680 mentionem
651 2616 784 2672 Pontifex
813 2615 912 2672 fecisti.
943 2618 1018 2672 Nam
1042 2615 1130 2671 hodie

70 2783 73 2787 ,
130 2730 257 2774 vestrum
280 2718 404 2791 aliquem
424 2718 621 2774 ardentissime
641 2718 806 2796 cupiebam,
825 2737 912 2802 quem
929 2729 1129 2794 percontarer,

130 2821 239 2894 quique
255 2839 315 2876 rem
335 2839 449 2890 omnem
468 2819 537 2876 mihi
550 2831 754 2894 pernarrarct,
777 2821 919 2896 siquidem
936 2821 967 2876 in
988 2821 1044 2876 hoc
1066 2821 1129 2895 ipso

47 2923 51 2936 '
129 2922 225 2978 limine
247 2921 410 2984 consistenti
431 2923 501 2978 mihi
521 2923 761 3000 heriadmodum
784 2923 897 2998 vesperi
912 2925 1041 2980 Ioannes
1063 2925 1127 2979 Aa·

130 3025 221 3080 tonius
245 3025 338 3080 Pollio
360 3041 394 3080 ex
417 3043 522 3099 aequo,
545 3043 685 3100 summam
706 3027 871 3100 complexus
889 3037 969 3095 erat,
990 3025 1041 3081 sed
1060 3025 1129 3100 qnia

129 3125 321 3182 festinandum
342 3127 382 3182 ilfi
406 3139 467 3190 erat
490 3128 527 3184 ad
550 3126 717 3184 Pontificem
741 3127 921 3197 Maximum,
950 3139 984 3184 ut
1005 3127 1128 3183 caenanti

128 3227 297 3298 adsisteret,
321 3228 428 3285 diutius
447 3219 558 3286 mecum
577 3229 685 3286 morari
705 3249 764 3288 non
784 3230 898 3304 potuit,
919 3229 1046 3305 mihique
1062 3247 1127 3286 meo

129 3328 214 3388 unius
239 3331 391 3388 commodo
417 3330 459 3390 itti
481 3349 541 3388 esse
565 3331 780 3390 incommodum
805 3332 905 3408 religio
931 3331 996 3391 fuit.
1022 3331 1127 3387 Aiebat

128 3444 225 3494 autem
245 3451 275 3502 se
294 3433 455 3490 interfuisse
475 3435 602 3494 sermoni
622 3445 738 3502 vestro,
760 3434 848 3490 etita
868 3451 913 3488 me
933 3450 990 3488 una
1014 3444 1127 3488 tantum

128 3534 250 3598 scintilla
272 3536 460 3611 incenderat,
484 3547 517 3593 ut
538 3546 652 3592 noctem
676 3536 750 3592 hauc
771 3555 831 3610 prae
849 3534 991 3604 desiderio
1013 3534 1127 3608 inquie-

128 3637 234 3693 tiorem
250 3637 424 3707 habuerim,
452 3656 588 3712 eramque
609 3657 685 3694 nunc
709 3657 831 3714 puerum
854 3638 892 3694 ad
915 3638 1039 3712 aliquem
1059 3655 1125 3694 ves-

128 3751 206 3798 trum
224 3739 380 3810 missurus,
401 3741 518 3816 quando
539 3742 600 3815 ipse
620 3740 658 3796 ad
677 3759 728 3796 vos
746 3741 881 3820 accedere
899 3758 959 3796 non
977 3751 1125 3823 poteram⁹

127 3843 219 3902 nostis
249 3842 325 3898 euim
354 3860 414 3916 qua
441 3860 487 3898 me
513 3842 549 3898 de
581 3861 668 3906 causa
697 3842 858 3898 contineam
886 3840 985 3912 domi,
1017 3842 1125 3918 quique

125 3945 223 4002 hostes
245 3945 320 4002 clam
346 3944 432 4018 capiti
463 3944 629 4002 immineant
652 3963 739 4015 meo;
770 3945 821 4001 scd
846 3945 921 4020 agite
945 3944 1021 4016 iam,
1042 3923 1126 4020 'quic-

127 4046 199 4126 quid
226 4047 299 4102 illud
330 4046 439 4116 fucrit,
470 4047 617 4122 explicate.
655 4047 773 4117 Dicam,
807 4048 918 4122 excepit
949 4029 1069 4118 Garris,
1096 4060 1127 4106 et

92 4203 98 4212 ,
124 4149 236 4224 primus
255 4150 370 4221 dicam,
389 4150 526 4233 quia-rue
546 4168 656 4226 nuper,
679 4162 712 4207 ut
732 4149 770 4208 a'd
791 4162 819 4206 te
839 4151 930 4223 irem,
951 4169 1004 4227 per
1027 4151 1125 4210 chiro-
