3186 5166
425 418 470 490 54³
669 436 791 488 Jorunrs
811 433 908 506 Pmmj
930 435 1112 502 Vinearum,
1133 453 1170 488 ns

422 577 517 634 neque
536 558 649 616 scinde
669 561 816 615 exsoluere
833 571 945 633 posset,
967 559 1079 614 modica
1098 558 1256 614 admodum
1269 558 1329 614 eius
1346 575 1415 632 pro-

422 662 537 718 fluentis
556 680 631 734 aqua
648 661 804 744 suffocatus
823 661 939 716 interiit.
956 663 1099 717 Marinus.
1115 664 1224 716 Verum
1238 661 1327 735 igitur
1343 661 1414 730 fuit,

330 791 335 800 ·
424 765 504 839 quod
522 783 601 818 meus
621 763 730 818 Pierius
750 765 806 818 iam
825 775 885 818 tum
904 782 984 836 puer*
998 764 1034 818 de
1052 765 1181 819 Marullo
1201 763 1312 819 cecinit.
1343 765 1413 819 Car.

424 867 592 936 Quidnam?
622 866 698 920 Illud
721 866 821 920 musici
848 866 936 920 recita
962 867 1082 921 obsecro
1094 907 1103 935 ,
1131 866 1268 939 quoniam
1293 866 1416 923 libenter

424 971 484 1026 eius
507 970 660 1024 cantilenas
683 970 821 1023 ausculto.
844 971 921 1021 Men

505 1074 563 1128 Cur
580 1073 652 1126 odeo
665 1071 773 1143 flucre
792 1081 890 1128 contro
909 1070 1042 1124 conaris?
1063 1075 1097 1124 In
1118 1071 1201 1125 undis

583 1173 741 1247 Qopetjsse
759 1173 858 1228 horres
877 1193 927 1227 cur
946 1174 1080 1227 Helicone
1099 1175 1204 1228 sotus?

503 1281 607 1349 Igneus
628 1287 659 1328 ut
674 1275 768 1346 gelido
788 1275 874 1347 vigor
892 1276 1074 1347 extinguatur
1091 1277 1120 1328 in
1145 1260 1231 1330 otone

582 1381 666 1433 Forte
688 1379 794 1432 times?
814 1378 940 1450 Aequi,
962 1377 1041 1450 soepei
1053 1377 1096 1448 fit
1114 1377 1208 1450 ignis,
1229 1398 1318 1454 aqua.

449 1477 450 1480 ¹
503 1483 570 1537 Non
584 1481 637 1534 hoc
644 1521 654 1547 ,
669 1480 776 1554 inquis,
792 1479 879 1533 habet
893 1478 969 1533 moli
980 1498 1041 1546 rne;
1056 1481 1134 1552 quod
1145 1481 1243 1550 miles,
1258 1493 1286 1536 et
1299 1499 1366 1536 acer

581 1584 658 1649 Sim,
679 1585 761 1636 doleo
782 1602 791 1635 .·
811 1581 863 1635 sub
881 1582 964 1654 aquis
983 1583 1099 1636 militem
1119 1583 1197 1636 obire
1211 1583 1311 1655 pudet.

505 1684 551 1739 Ab
571 1704 608 1739 ne
627 1685 801 1756 indigneris,
823 1684 903 1737 miles
924 1685 988 1738 licet
1007 1684 1141 1756 impiger,
1162 1695 1242 1738 ostra

584 1789 646 1840 Hac
661 1788 833 1859 peruuigoto
844 1783 970 1855 sortibus
990 1785 1030 1839 ire
1049 1786 1110 1840 uia.

508 1892 572 1944 Hac
591 1888 659 1943 Pius
678 1892 812 1954 Aeneas,
835 1900 863 1942 et
883 1889 953 1943 bello
973 1908 1112 1962 magnus,
1133 1900 1161 1944 et
1179 1888 1286 1958 armis,

585 1993 648 2044 Hoc
667 1994 766 2046 Romoe
777 1987 875 2059 fertur
893 1994 1028 2046 Romulus
1047 1992 1102 2045 isse
1116 2003 1210 2065 pater.

507 2094 652 2148 Debentur
669 2095 740 2146 coelo
752 2091 846 2163 sortes
867 2113 876 2145 :
897 2095 967 2147 coeIo
988 2093 1081 2165 ignis,
1103 2106 1133 2148 et
1149 2114 1213 2164 aer,

562 2240 564 2244 .
588 2197 728 2268 [indeque
746 2196 891 2269 supposito
910 2207 952 2250 est
971 2215 981 2248 .·
1001 2197 1103 2267 infimo
1124 2209 1199 2252 terra
1218 2209 1301 2254 tenet.

507 2298 661 2355 Scandenti
678 2297 698 2350 ὰ
720 2309 794 2352 terro
815 2299 855 2350 ad
870 2300 971 2352 caelum
991 2310 1048 2351 stat
1066 2299 1147 2354 limes
1166 2299 1194 2354 in
1215 2301 1297 2355 undis

585 2402 697 2453 Primus
711 2420 721 2452 .·
735 2419 791 2472 nge
811 2399 866 2454 lzac
886 2403 986 2454 coelam
1006 2402 1112 2456 scande
1135 2405 1259 2457 Marullo
1280 2405 1339 2459 uia.

431 2505 560 2558 Carasa.
581 2502 685 2558 Merito
706 2502 822 2574 quidem
844 2502 1038 2557 consolatione
1056 2503 1212 2578 indigebat.
1228 2507 1302 2561 Nam
1323 2495 1421 2561 ferunt

431 2605 511 2659 illum
538 2603 632 2677 primo
662 2603 756 2658 statim
783 2622 850 2659 casu
880 2605 1062 2660 vehementer
1092 2607 1301 2677 excanduisse,
1330 2619 1421 2682 utque

433 2719 494 2761 erat
518 2706 565 2760 irae
590 2705 739 2779 impatiens
765 2705 911 2775 conuitia,
943 2717 971 2762 et
999 2707 1149 2763 maledicta
1174 2708 1204 2763 in
1228 2728 1348 2783 superos
1372 2709 1423 2764 de-

434 2809 559 2863 torsisse.

311 2944 424 3010 Angelos
477 2909 578 2965 Paucis
608 2922 703 2965 autem
734 2921 799 2966 ante
829 2911 910 2965 annis
942 2913 1076 2966 Anonuus
1104 2915 1282 2969 Poumanos
1317 2915 1422 2970 nullius

277 3011 424 3060 Pontianus.
435 3013 551 3087 ignarus
574 3013 761 3080 eruditionis,
788 3024 816 3068 et
841 3013 1014 3085 disciplinae,
1038 3015 1102 3068 cum
1127 3015 1157 3068 in
1178 3014 1299 3071 aduersa
1322 3017 1422 3071 Mcdi-

435 3135 529 3171 corum
545 3134 697 3189 procerum
715 3128 844 3189 tempora
863 3115 1023 3185 incidisset,
1044 3117 1245 3172 inclinantibus
1263 3117 1317 3172 iam
1333 3117 1422 3186 Petri,

435 3237 521 3292 quem
539 3218 599 3292 ipsc
619 3218 719 3273 litteris
739 3217 915 3285 instituerat,
938 3218 1037 3286 rebus,
1055 3218 1085 3272 in
1105 3237 1168 3273 eam
1187 3219 1286 3274 incidit
1308 3219 1423 3294 aegritu-

435 3321 548 3390 dinem,
567 3332 599 3374 ut
619 3320 648 3374 in
669 3313 783 3388 multis,
812 3331 840 3374 et
861 3319 946 3374 variis
969 3319 1120 3388 molestiis,
1145 3320 1423 3393 cogitationibusque

433 3422 657 3478 consolationem
679 3423 786 3476 nullam
807 3421 957 3476 admittere
977 3421 1120 3490 voluerit,
1143 3432 1229 3495 atque
1249 3423 1288 3477 ita
1308 3423 1423 3477 demum

434 3526 555 3594 dolore,
578 3520 765 3597 maestitiaque
784 3525 930 3578 consectus
952 3524 1097 3597 expirarit.
1113 3524 1257 3598 Quodque
1277 3523 1317 3580 illi
1338 3523 1424 3599 longe

434 3627 487 3684 tuit
510 3627 649 3682 infelicius
670 3624 792 3682 conficta
820 3626 850 3680 in
877 3645 942 3681 eum
970 3626 1155 3699 turpitudinis
1179 3626 1277 3682 fabula
1302 3625 1422 3681 maledi-

434 3729 599 3784 centissimis
621 3727 876 3783 obtrectationibus
892 3728 1070 3801 proscissus,
1091 3729 1335 3802 calumniatusque
1359 3738 1423 3796 est,

434 3843 524 3904 utque
541 3849 574 3885 ea
585 3849 654 3906 gens
667 3830 878 3904 promptissima
896 3842 938 3886 est
953 3831 990 3886 ad
1002 3830 1222 3886 insimulandum
1236 3831 1266 3885 in
1285 3830 1424 3886 inuidiam

433 3934 513 3989 Petri
533 3933 621 4006 ipsius
646 3932 865 4007 ignominiosam
887 3932 970 3988 aliam
993 3933 1092 3988 mortis
1118 3933 1284 3988 voluntaria
1309 3951 1424 3988 causam

433 4033 569 4090 uniuerso
597 4046 738 4090 terrarum
766 4035 831 4090 orbi
859 4052 961 4110 magna
987 4053 1052 4089 cum
1083 4033 1142 4090 eius
1172 4035 1287 4090 infamia
1313 4053 1424 4110 propa·

435 4136 539 4192 larunt.
