<?xml version="1.0" encoding="UTF-8"?>
<!DOCTYPE html PUBLIC "-//W3C//DTD XHTML 1.0 Transitional//EN"
    "http://www.w3.org/TR/xhtml1/DTD/xhtml1-transitional.dtd">
<html xmlns="http://www.w3.org/1999/xhtml" xml:lang="en" lang="en">
 <head>
  <title>
</title>
<meta http-equiv="Content-Type" content="text/html;charset=utf-8" />
  <meta name='ocr-system' content='tesseract 3.04.00' />
  <meta name='ocr-capabilities' content='ocr_page ocr_carea ocr_par ocr_line ocrx_word'/>
</head>
<body>
  <div class='ocr_page' id='page_1' title='image "./joannispieriiva01valegoog_0113.png"; bbox 0 0 3186 5166; ppageno 0'>
   <div class='ocr_carea' id='block_1_1' title="bbox 436 409 1188 497">
    <p class='ocr_par' dir='ltr' id='par_1_1' title="bbox 436 409 1188 497">
     <span class='ocr_line' id='line_1_1' title="bbox 436 409 1188 497; baseline 0.012 -21"><span class='ocrx_word' id='word_1_1' title='bbox 436 413 474 476; x_wconf 79' lang='lat'><strong>84</strong></span> <span class='ocrx_word' id='word_1_2' title='bbox 676 425 798 479; x_wconf 75' lang='lat' dir='ltr'><strong>loturus</strong></span> <span class='ocrx_word' id='word_1_3' title='bbox 818 409 927 497; x_wconf 79' lang='lat' dir='ltr'><strong>Pirurj</strong></span> <span class='ocrx_word' id='word_1_4' title='bbox 938 427 1117 497; x_wconf 68' lang='lat' dir='ltr'><strong>Venarum,</strong></span> <span class='ocrx_word' id='word_1_5' title='bbox 1140 449 1188 486; x_wconf 85' lang='grc' dir='ltr'><strong>ιιιι</strong></span> 
     </span>
    </p>
   </div>
   <div class='ocr_carea' id='block_1_2' title="bbox 402 519 1439 2086">
    <p class='ocr_par' dir='ltr' id='par_1_2' title="bbox 435 519 1433 729">
     <span class='ocr_line' id='line_1_2' title="bbox 435 519 1433 645; baseline 0.015 -41"><span class='ocrx_word' id='word_1_6' title='bbox 435 550 632 640; x_wconf 84' lang='lat' dir='ltr'><strong>precabimur,</strong></span> <span class='ocrx_word' id='word_1_7' title='bbox 655 563 683 606; x_wconf 90' lang='lat' dir='ltr'><strong>et</strong></span> <span class='ocrx_word' id='word_1_8' title='bbox 699 541 870 645; x_wconf 76' lang='lat' dir='ltr'><strong>industriam</strong></span> <span class='ocrx_word' id='word_1_9' title='bbox 888 564 1025 623; x_wconf 86' lang='lat' dir='ltr'><strong>vestram,</strong></span> <span class='ocrx_word' id='word_1_10' title='bbox 1046 519 1127 628; x_wconf 86' lang='lat' dir='ltr'><strong>quod</strong></span> <span class='ocrx_word' id='word_1_11' title='bbox 1144 555 1239 616; x_wconf 81' lang='lat' dir='ltr'><strong>facere</strong></span> <span class='ocrx_word' id='word_1_12' title='bbox 1258 562 1433 634; x_wconf 80' lang='lat' dir='ltr'><strong>poterimus,</strong></span> 
     </span>
     <span class='ocr_line' id='line_1_3' title="bbox 437 639 963 729; baseline 0.008 -21"><span class='ocrx_word' id='word_1_13' title='bbox 437 654 554 709; x_wconf 85' lang='lat' dir='ltr'><strong>interire</strong></span> <span class='ocrx_word' id='word_1_14' title='bbox 575 639 725 728; x_wconf 85' lang='lat' dir='ltr'><strong>uunquam</strong></span> <span class='ocrx_word' id='word_1_15' title='bbox 756 655 963 729; x_wconf 80' lang='lat' dir='ltr'><strong>permittemus</strong></span> 
     </span>
    </p>

    <p class='ocr_par' dir='ltr' id='par_1_3' title="bbox 402 747 1439 2086">
     <span class='ocr_line' id='line_1_4' title="bbox 402 747 1438 845; baseline 0.014 -35"><span class='ocrx_word' id='word_1_16' title='bbox 402 747 403 752; x_wconf 29' lang='lat'>¹</span> <span class='ocrx_word' id='word_1_17' title='bbox 473 758 541 812; x_wconf 88' lang='lat' dir='ltr'><strong>Haec</strong></span> <span class='ocrx_word' id='word_1_18' title='bbox 576 769 642 812; x_wconf 89' lang='lat' dir='ltr'><strong>sunt</strong></span> <span class='ocrx_word' id='word_1_19' title='bbox 672 759 712 813; x_wconf 91' lang='lat' dir='ltr'><strong>mi</strong></span> <span class='ocrx_word' id='word_1_20' title='bbox 741 763 852 830; x_wconf 82' lang='lat' dir='ltr'><strong>Petre,</strong></span> <span class='ocrx_word' id='word_1_21' title='bbox 887 781 950 834; x_wconf 89' lang='lat' dir='ltr'><strong>quae</strong></span> <span class='ocrx_word' id='word_1_22' title='bbox 984 763 1158 819; x_wconf 79' lang='lat' dir='ltr'><strong>Conterenus</strong></span> <span class='ocrx_word' id='word_1_23' title='bbox 1196 785 1249 821; x_wconf 92' lang='lat' dir='ltr'><strong>suo</strong></span> <span class='ocrx_word' id='word_1_24' title='bbox 1287 769 1336 824; x_wconf 92' lang='lat' dir='ltr'><strong>illo</strong></span> <span class='ocrx_word' id='word_1_25' title='bbox 1368 789 1438 845; x_wconf 84' lang='lat' dir='ltr'><strong>erga</strong></span> 
     </span>
     <span class='ocr_line' id='line_1_5' title="bbox 434 848 1434 950; baseline 0.012 -35"><span class='ocrx_word' id='word_1_26' title='bbox 434 861 575 950; x_wconf 89' lang='lat' dir='ltr'><strong>litteratos</strong></span> <span class='ocrx_word' id='word_1_27' title='bbox 613 873 641 917; x_wconf 92' lang='lat' dir='ltr'><strong>et</strong></span> <span class='ocrx_word' id='word_1_28' title='bbox 668 848 784 937; x_wconf 85' lang='lat' dir='ltr'><strong>ingenio</strong></span> <span class='ocrx_word' id='word_1_29' title='bbox 812 876 978 938; x_wconf 72' lang='lat' dir='ltr'><strong>praestantes</strong></span> <span class='ocrx_word' id='word_1_30' title='bbox 1005 867 1102 936; x_wconf 84' lang='lat' dir='ltr'><strong>viros,</strong></span> <span class='ocrx_word' id='word_1_31' title='bbox 1140 869 1245 924; x_wconf 82' lang='lat' dir='ltr'><strong>ardore</strong></span> <span class='ocrx_word' id='word_1_32' title='bbox 1281 871 1434 943; x_wconf 89' lang='lat' dir='ltr'><strong>concitus,</strong></span> 
     </span>
     <span class='ocr_line' id='line_1_6' title="bbox 434 952 1439 1046; baseline 0.011 -26"><span class='ocrx_word' id='word_1_33' title='bbox 434 963 519 1046; x_wconf 90' lang='lat' dir='ltr'><strong>nobis</strong></span> <span class='ocrx_word' id='word_1_34' title='bbox 551 967 759 1022; x_wconf 86' lang='lat' dir='ltr'><strong>nudiustertius</strong></span> <span class='ocrx_word' id='word_1_35' title='bbox 790 952 985 1040; x_wconf 86' lang='lat' dir='ltr'><strong>disseruerat;</strong></span> <span class='ocrx_word' id='word_1_36' title='bbox 1012 971 1049 1026; x_wconf 93' lang='lat' dir='ltr'><strong>ad</strong></span> <span class='ocrx_word' id='word_1_37' title='bbox 1081 991 1144 1044; x_wconf 88' lang='lat' dir='ltr'><strong>quae</strong></span> <span class='ocrx_word' id='word_1_38' title='bbox 1178 973 1276 1028; x_wconf 78' lang='lat' dir='ltr'><strong>Grcina</strong></span> <span class='ocrx_word' id='word_1_39' title='bbox 1306 976 1439 1046; x_wconf 84' lang='lat' dir='ltr'><strong>quaedam</strong></span> 
     </span>
     <span class='ocr_line' id='line_1_7' title="bbox 434 1042 1437 1144; baseline 0.007 -20"><span class='ocrx_word' id='word_1_40' title='bbox 434 1042 536 1125; x_wconf 79' lang='lat' dir='ltr'><strong>bodie</strong></span> <span class='ocrx_word' id='word_1_41' title='bbox 556 1071 730 1144; x_wconf 85' lang='lat' dir='ltr'><strong>repetiturus</strong></span> <span class='ocrx_word' id='word_1_42' title='bbox 764 1083 855 1140; x_wconf 89' lang='lat' dir='ltr'><strong>erat,</strong></span> <span class='ocrx_word' id='word_1_43' title='bbox 891 1091 951 1130; x_wconf 89' lang='lat' dir='ltr'><strong>non</strong></span> <span class='ocrx_word' id='word_1_44' title='bbox 984 1084 1017 1128; x_wconf 90' lang='lat' dir='ltr'><strong>ut</strong></span> <span class='ocrx_word' id='word_1_45' title='bbox 1052 1073 1131 1128; x_wconf 91' lang='lat' dir='ltr'><strong>illam</strong></span> <span class='ocrx_word' id='word_1_46' title='bbox 1172 1077 1326 1131; x_wconf 85' lang='lat' dir='ltr'><strong>Centareni</strong></span> <span class='ocrx_word' id='word_1_47' title='bbox 1363 1080 1437 1134; x_wconf 91' lang='lat' dir='ltr'><strong>Sen-</strong></span> 
     </span>
     <span class='ocr_line' id='line_1_8' title="bbox 434 1157 1436 1252; baseline 0.007 -24"><span class='ocrx_word' id='word_1_48' title='bbox 434 1173 554 1232; x_wconf 84' lang='lat' dir='ltr'><strong>tentiam</strong></span> <span class='ocrx_word' id='word_1_49' title='bbox 591 1174 797 1247; x_wconf 79' lang='lat' dir='ltr'><strong>sapientissime</strong></span> <span class='ocrx_word' id='word_1_50' title='bbox 834 1159 922 1230; x_wconf 82' lang='lat' dir='ltr'><strong>latam</strong></span> <span class='ocrx_word' id='word_1_51' title='bbox 955 1157 1099 1231; x_wconf 83' lang='lat' dir='ltr'><strong>infirmare</strong></span> <span class='ocrx_word' id='word_1_52' title='bbox 1137 1177 1191 1231; x_wconf 92' lang='lat' dir='ltr'><strong>sibi</strong></span> <span class='ocrx_word' id='word_1_53' title='bbox 1227 1180 1436 1252; x_wconf 91' lang='lat' dir='ltr'><strong>proposuerit,</strong></span> 
     </span>
     <span class='ocr_line' id='line_1_9' title="bbox 435 1256 1435 1356; baseline 0.005 -24"><span class='ocrx_word' id='word_1_54' title='bbox 435 1277 485 1333; x_wconf 89' lang='lat' dir='ltr'><strong>sed</strong></span> <span class='ocrx_word' id='word_1_55' title='bbox 513 1256 546 1332; x_wconf 89' lang='lat' dir='ltr'><strong>ut</strong></span> <span class='ocrx_word' id='word_1_56' title='bbox 577 1277 752 1334; x_wconf 87' lang='lat' dir='ltr'><strong>affluentiori</strong></span> <span class='ocrx_word' id='word_1_57' title='bbox 782 1278 905 1334; x_wconf 90' lang='lat' dir='ltr'><strong>hominis</strong></span> <span class='ocrx_word' id='word_1_58' title='bbox 933 1278 1088 1348; x_wconf 83' lang='lat' dir='ltr'><strong>facundia,</strong></span> <span class='ocrx_word' id='word_1_59' title='bbox 1117 1281 1329 1355; x_wconf 90' lang='lat' dir='ltr'><strong>prudentiaque</strong></span> <span class='ocrx_word' id='word_1_60' title='bbox 1365 1301 1435 1356; x_wconf 90' lang='lat' dir='ltr'><strong>per-</strong></span> 
     </span>
     <span class='ocr_line' id='line_1_10' title="bbox 434 1381 1433 1456; baseline 0.007 -22"><span class='ocrx_word' id='word_1_61' title='bbox 434 1381 605 1436; x_wconf 84' lang='lat' dir='ltr'><strong>fruercmur.</strong></span> <span class='ocrx_word' id='word_1_62' title='bbox 634 1384 778 1446; x_wconf 75' lang='lat' dir='ltr'><strong>Maurus.</strong></span> <span class='ocrx_word' id='word_1_63' title='bbox 804 1383 954 1455; x_wconf 87' lang='lat' dir='ltr'><strong>Sapienter</strong></span> <span class='ocrx_word' id='word_1_64' title='bbox 977 1381 1094 1455; x_wconf 88' lang='lat' dir='ltr'><strong>quidem</strong></span> <span class='ocrx_word' id='word_1_65' title='bbox 1115 1384 1211 1438; x_wconf 90' lang='lat' dir='ltr'><strong>omnia</strong></span> <span class='ocrx_word' id='word_1_66' title='bbox 1237 1386 1433 1456; x_wconf 78' lang='lat' dir='ltr'><strong>Centarenus,</strong></span> 
     </span>
     <span class='ocr_line' id='line_1_11' title="bbox 435 1460 1437 1572; baseline 0.007 -34"><span class='ocrx_word' id='word_1_67' title='bbox 435 1460 529 1559; x_wconf 85' lang='lat' dir='ltr'><strong>neque</strong></span> <span class='ocrx_word' id='word_1_68' title='bbox 549 1504 613 1568; x_wconf 79' lang='lat' dir='ltr'><strong>¹ego</strong></span> <span class='ocrx_word' id='word_1_69' title='bbox 656 1502 706 1558; x_wconf 87' lang='lat' dir='ltr'><strong>spe</strong></span> <span class='ocrx_word' id='word_1_70' title='bbox 738 1487 879 1556; x_wconf 76' lang='lat' dir='ltr'><strong>fallebar,</strong></span> <span class='ocrx_word' id='word_1_71' title='bbox 912 1487 962 1560; x_wconf 93' lang='lat' dir='ltr'><strong>qui</strong></span> <span class='ocrx_word' id='word_1_72' title='bbox 1000 1497 1081 1542; x_wconf 91' lang='lat' dir='ltr'><strong>tanto</strong></span> <span class='ocrx_word' id='word_1_73' title='bbox 1112 1488 1208 1543; x_wconf 91' lang='lat' dir='ltr'><strong>studio</strong></span> <span class='ocrx_word' id='word_1_74' title='bbox 1241 1471 1341 1545; x_wconf 87' lang='lat' dir='ltr'><strong>audire</strong></span> <span class='ocrx_word' id='word_1_75' title='bbox 1376 1475 1437 1572; x_wconf 78' lang='lat' dir='ltr'><strong>baec</strong></span> 
     </span>
     <span class='ocr_line' id='line_1_12' title="bbox 434 1585 1439 1670; baseline 0.006 -27"><span class='ocrx_word' id='word_1_76' title='bbox 434 1585 623 1670; x_wconf 85' lang='lat' dir='ltr'><strong>expetebam,</strong></span> <span class='ocrx_word' id='word_1_77' title='bbox 659 1607 749 1662; x_wconf 91' lang='lat' dir='ltr'><strong>quare</strong></span> <span class='ocrx_word' id='word_1_78' title='bbox 783 1588 865 1644; x_wconf 89' lang='lat' dir='ltr'><strong>vobis</strong></span> <span class='ocrx_word' id='word_1_79' title='bbox 895 1589 1070 1644; x_wconf 88' lang='lat' dir='ltr'><strong>immortales</strong></span> <span class='ocrx_word' id='word_1_80' title='bbox 1100 1591 1193 1646; x_wconf 89' lang='lat' dir='ltr'><strong>habeo</strong></span> <span class='ocrx_word' id='word_1_81' title='bbox 1224 1594 1354 1666; x_wconf 85' lang='lat' dir='ltr'><strong>gratias,</strong></span> <span class='ocrx_word' id='word_1_82' title='bbox 1386 1591 1439 1667; x_wconf 81' lang='lat' dir='ltr'><strong>qui</strong></span> 
     </span>
     <span class='ocr_line' id='line_1_13' title="bbox 433 1673 1439 1770; baseline 0.006 -23"><span class='ocrx_word' id='word_1_83' title='bbox 433 1713 479 1747; x_wconf 88' lang='lat' dir='ltr'><strong>mc</strong></span> <span class='ocrx_word' id='word_1_84' title='bbox 502 1693 574 1748; x_wconf 90' lang='lat' dir='ltr'><strong>tanti</strong></span> <span class='ocrx_word' id='word_1_85' title='bbox 596 1694 722 1766; x_wconf 87' lang='lat' dir='ltr'><strong>coloquij</strong></span> <span class='ocrx_word' id='word_1_86' title='bbox 747 1673 917 1768; x_wconf 85' lang='lat' dir='ltr'><strong>participem</strong></span> <span class='ocrx_word' id='word_1_87' title='bbox 943 1694 1058 1750; x_wconf 82' lang='lat' dir='ltr'><strong>lecistis.</strong></span> <span class='ocrx_word' id='word_1_88' title='bbox 1083 1695 1147 1752; x_wconf 90' lang='lat' dir='ltr'><strong>Scio</strong></span> <span class='ocrx_word' id='word_1_89' title='bbox 1170 1697 1245 1762; x_wconf 84' lang='lat' dir='ltr'><strong>enim</strong></span> <span class='ocrx_word' id='word_1_90' title='bbox 1259 1708 1439 1770; x_wconf 86' lang='lat' dir='ltr'><strong>,quantum</strong></span> 
     </span>
     <span class='ocr_line' id='line_1_14' title="bbox 432 1796 1437 1891; baseline 0.007 -43"><span class='ocrx_word' id='word_1_91' title='bbox 432 1796 516 1852; x_wconf 88' lang='lat' dir='ltr'><strong>haec</strong></span> <span class='ocrx_word' id='word_1_92' title='bbox 517 1816 562 1852; x_wconf 91' lang='lat' dir='ltr'><strong>me</strong></span> <span class='ocrx_word' id='word_1_93' title='bbox 585 1797 732 1891; x_wconf 85' lang='lat' dir='ltr'><strong>delectarit</strong></span> <span class='ocrx_word' id='word_1_94' title='bbox 757 1799 870 1868; x_wconf 91' lang='lat' dir='ltr'><strong>oratio,</strong></span> <span class='ocrx_word' id='word_1_95' title='bbox 891 1809 919 1852; x_wconf 91' lang='lat' dir='ltr'><strong>et</strong></span> <span class='ocrx_word' id='word_1_96' title='bbox 937 1808 1041 1871; x_wconf 85' lang='lat' dir='ltr'><strong>praeter</strong></span> <span class='ocrx_word' id='word_1_97' title='bbox 1065 1799 1261 1871; x_wconf 85' lang='lat' dir='ltr'><strong>voluptatem,</strong></span> <span class='ocrx_word' id='word_1_98' title='bbox 1283 1818 1345 1873; x_wconf 86' lang='lat' dir='ltr'><strong>quae</strong></span> <span class='ocrx_word' id='word_1_99' title='bbox 1368 1801 1437 1874; x_wconf 91' lang='lat' dir='ltr'><strong>qui-</strong></span> 
     </span>
     <span class='ocr_line' id='line_1_15' title="bbox 434 1883 1437 1976; baseline 0.003 -21"><span class='ocrx_word' id='word_1_100' title='bbox 434 1901 500 1955; x_wconf 90' lang='lat' dir='ltr'><strong>dem</strong></span> <span class='ocrx_word' id='word_1_101' title='bbox 523 1883 634 1956; x_wconf 86' lang='lat' dir='ltr'><strong>sumina</strong></span> <span class='ocrx_word' id='word_1_102' title='bbox 656 1902 774 1956; x_wconf 88' lang='lat' dir='ltr'><strong>omnino</strong></span> <span class='ocrx_word' id='word_1_103' title='bbox 794 1901 868 1971; x_wconf 89' lang='lat' dir='ltr'><strong>fuit,</strong></span> <span class='ocrx_word' id='word_1_104' title='bbox 886 1921 972 1975; x_wconf 88' lang='lat' dir='ltr'><strong>quem</strong></span> <span class='ocrx_word' id='word_1_105' title='bbox 991 1921 1076 1956; x_wconf 91' lang='lat' dir='ltr'><strong>usum</strong></span> <span class='ocrx_word' id='word_1_106' title='bbox 1095 1902 1181 1956; x_wconf 89' lang='lat' dir='ltr'><strong>etiam</strong></span> <span class='ocrx_word' id='word_1_107' title='bbox 1201 1902 1312 1957; x_wconf 90' lang='lat' dir='ltr'><strong>inde&#39;</strong></span> <span class='ocrx_word' id='word_1_108' title='bbox 1292 1923 1344 1958; x_wconf 81' lang='lat' dir='ltr'><strong>sim</strong></span> <span class='ocrx_word' id='word_1_109' title='bbox 1364 1921 1437 1976; x_wconf 89' lang='lat' dir='ltr'><strong>per-</strong></span> 
     </span>
     <span class='ocr_line' id='line_1_16' title="bbox 433 2003 1439 2086; baseline 0.002 -28"><span class='ocrx_word' id='word_1_110' title='bbox 433 2014 579 2084; x_wconf 81' lang='lat' dir='ltr'><strong>cepturus.</strong></span> <span class='ocrx_word' id='word_1_111' title='bbox 603 2004 660 2060; x_wconf 89' lang='lat' dir='ltr'><strong>Sed</strong></span> <span class='ocrx_word' id='word_1_112' title='bbox 684 2023 793 2074; x_wconf 89' lang='lat' dir='ltr'><strong>unum,</strong></span> <span class='ocrx_word' id='word_1_113' title='bbox 816 2005 902 2058; x_wconf 89' lang='lat' dir='ltr'><strong>etiam</strong></span> <span class='ocrx_word' id='word_1_114' title='bbox 926 2004 949 2058; x_wconf 90' lang='lat' dir='ltr'><strong>si</strong></span> <span class='ocrx_word' id='word_1_115' title='bbox 969 2003 1046 2086; x_wconf 75' lang='lat' dir='ltr'><strong>recte</strong></span> <span class='ocrx_word' id='word_1_116' title='bbox 1064 2004 1199 2074; x_wconf 90' lang='lat' dir='ltr'><strong>memini,</strong></span> <span class='ocrx_word' id='word_1_117' title='bbox 1221 2005 1345 2060; x_wconf 87' lang='lat' dir='ltr'><strong>addebat</strong></span> <span class='ocrx_word' id='word_1_118' title='bbox 1366 2006 1439 2060; x_wconf 88' lang='lat' dir='ltr'><strong>mihi</strong></span> 
     </span>
    </p>
   </div>
   <div class='ocr_carea' id='block_1_3' title="bbox 433 2090 1438 2180">
    <p class='ocr_par' dir='ltr' id='par_1_4' title="bbox 433 2090 1438 2180">
     <span class='ocr_line' id='line_1_17' title="bbox 433 2090 1438 2180; baseline 0.002 -20"><span class='ocrx_word' id='word_1_119' title='bbox 433 2096 545 2180; x_wconf 73' lang='lat' dir='ltr'><strong>uesperi</strong></span> <span class='ocrx_word' id='word_1_120' title='bbox 569 2108 682 2176; x_wconf 82' lang='lat' dir='ltr'><strong>Pollio,</strong></span> <span class='ocrx_word' id='word_1_121' title='bbox 706 2090 847 2180; x_wconf 79' lang='lat' dir='ltr'><strong>accepisse</strong></span> <span class='ocrx_word' id='word_1_122' title='bbox 870 2125 899 2160; x_wconf 88' lang='lat' dir='ltr'><strong>se</strong></span> <span class='ocrx_word' id='word_1_123' title='bbox 923 2105 940 2160; x_wconf 78' lang='lat' dir='ltr'><strong>ai</strong></span> <span class='ocrx_word' id='word_1_124' title='bbox 965 2108 1125 2162; x_wconf 81' lang='lat' dir='ltr'><strong>Centareno</strong></span> <span class='ocrx_word' id='word_1_125' title='bbox 1147 2108 1183 2161; x_wconf 92' lang='lat' dir='ltr'><strong>de</strong></span> <span class='ocrx_word' id='word_1_126' title='bbox 1205 2109 1379 2163; x_wconf 87' lang='lat' dir='ltr'><strong>accersendo</strong></span> <span class='ocrx_word' id='word_1_127' title='bbox 1403 2108 1438 2162; x_wconf 89' lang='lat' dir='ltr'><strong>in</strong></span> 
     </span>
    </p>
   </div>
   <div class='ocr_carea' id='block_1_4' title="bbox 365 2191 1439 4228">
    <p class='ocr_par' dir='ltr' id='par_1_5' title="bbox 365 2191 1439 4228">
     <span class='ocr_line' id='line_1_18' title="bbox 433 2191 1437 2291; baseline 0.002 -27"><span class='ocrx_word' id='word_1_128' title='bbox 433 2211 553 2291; x_wconf 71' lang='lat' dir='ltr'><strong>Italiam</strong></span> <span class='ocrx_word' id='word_1_129' title='bbox 589 2211 705 2265; x_wconf 83' lang='lat' dir='ltr'><strong>Coesare</strong></span> <span class='ocrx_word' id='word_1_130' title='bbox 736 2209 885 2264; x_wconf 89' lang='lat' dir='ltr'><strong>consilium</strong></span> <span class='ocrx_word' id='word_1_131' title='bbox 913 2209 929 2263; x_wconf 72' lang='lat' dir='ltr'><strong>a</strong></span> <span class='ocrx_word' id='word_1_132' title='bbox 958 2210 1098 2280; x_wconf 61' lang='lat' dir='ltr'><strong>Pontifices</strong></span> <span class='ocrx_word' id='word_1_133' title='bbox 1129 2209 1231 2265; x_wconf 87' lang='lat' dir='ltr'><strong>initum</strong></span> <span class='ocrx_word' id='word_1_134' title='bbox 1264 2191 1375 2279; x_wconf 82' lang='lat' dir='ltr'><strong>fuisse,</strong></span> <span class='ocrx_word' id='word_1_135' title='bbox 1405 2210 1437 2266; x_wconf 88' lang='lat' dir='ltr'><strong>id</strong></span> 
     </span>
     <span class='ocr_line' id='line_1_19' title="bbox 434 2293 1436 2392; baseline 0.002 -26"><span class='ocrx_word' id='word_1_136' title='bbox 434 2331 582 2392; x_wconf 90' lang='lat' dir='ltr'><strong>quorsum</strong></span> <span class='ocrx_word' id='word_1_137' title='bbox 606 2293 726 2382; x_wconf 82' lang='lat' dir='ltr'><strong>tendat,</strong></span> <span class='ocrx_word' id='word_1_138' title='bbox 760 2314 850 2367; x_wconf 92' lang='lat' dir='ltr'><strong>multa</strong></span> <span class='ocrx_word' id='word_1_139' title='bbox 877 2331 922 2366; x_wconf 92' lang='lat' dir='ltr'><strong>mc</strong></span> <span class='ocrx_word' id='word_1_140' title='bbox 951 2311 1061 2367; x_wconf 83' lang='lat' dir='ltr'><strong>faciunt</strong></span> <span class='ocrx_word' id='word_1_141' title='bbox 1091 2312 1244 2386; x_wconf 84' lang='lat' dir='ltr'><strong>ambigere.</strong></span> <span class='ocrx_word' id='word_1_142' title='bbox 1278 2316 1436 2370; x_wconf 80' lang='lat' dir='ltr'><strong>Couorsus.</strong></span> 
     </span>
     <span class='ocr_line' id='line_1_20' title="bbox 433 2416 1438 2491; baseline 0.003 -22"><span class='ocrx_word' id='word_1_143' title='bbox 433 2416 497 2470; x_wconf 89' lang='lat' dir='ltr'><strong>Hoc</strong></span> <span class='ocrx_word' id='word_1_144' title='bbox 522 2416 591 2470; x_wconf 93' lang='lat' dir='ltr'><strong>mihi</strong></span> <span class='ocrx_word' id='word_1_145' title='bbox 623 2427 717 2470; x_wconf 89' lang='lat' dir='ltr'><strong>mente</strong></span> <span class='ocrx_word' id='word_1_146' title='bbox 743 2416 905 2484; x_wconf 86' lang='lat' dir='ltr'><strong>exciderat,</strong></span> <span class='ocrx_word' id='word_1_147' title='bbox 940 2418 1008 2489; x_wconf 90' lang='lat' dir='ltr'><strong>quia</strong></span> <span class='ocrx_word' id='word_1_148' title='bbox 1039 2416 1109 2470; x_wconf 91' lang='lat' dir='ltr'><strong>nihil</strong></span> <span class='ocrx_word' id='word_1_149' title='bbox 1132 2417 1169 2471; x_wconf 90' lang='lat' dir='ltr'><strong>ad</strong></span> <span class='ocrx_word' id='word_1_150' title='bbox 1193 2435 1275 2486; x_wconf 90' lang='lat' dir='ltr'><strong>rem,</strong></span> <span class='ocrx_word' id='word_1_151' title='bbox 1307 2435 1366 2491; x_wconf 87' lang='lat' dir='ltr'><strong>qua</strong></span> <span class='ocrx_word' id='word_1_152' title='bbox 1399 2417 1438 2472; x_wconf 85' lang='lat' dir='ltr'><strong>dc</strong></span> 
     </span>
     <span class='ocr_line' id='line_1_21' title="bbox 434 2494 1439 2590; baseline 0.005 -18"><span class='ocrx_word' id='word_1_153' title='bbox 434 2509 650 2590; x_wconf 77' lang='lat' dir='ltr'><strong>loquebamur,</strong></span> <span class='ocrx_word' id='word_1_154' title='bbox 671 2494 801 2574; x_wconf 80' lang='lat' dir='ltr'><strong>iaciebat.</strong></span> <span class='ocrx_word' id='word_1_155' title='bbox 828 2521 885 2575; x_wconf 88' lang='lat' dir='ltr'><strong>Sed</strong></span> <span class='ocrx_word' id='word_1_156' title='bbox 903 2519 934 2576; x_wconf 92' lang='lat' dir='ltr'><strong>si</strong></span> <span class='ocrx_word' id='word_1_157' title='bbox 956 2536 1022 2572; x_wconf 90' lang='lat' dir='ltr'><strong>eum</strong></span> <span class='ocrx_word' id='word_1_158' title='bbox 1041 2518 1127 2573; x_wconf 88' lang='lat' dir='ltr'><strong>etiam</strong></span> <span class='ocrx_word' id='word_1_159' title='bbox 1148 2499 1309 2574; x_wconf 84' lang='lat' dir='ltr'><strong>sermonem</strong></span> <span class='ocrx_word' id='word_1_160' title='bbox 1333 2521 1439 2577; x_wconf 83' lang='lat' dir='ltr'><strong>audire</strong></span> 
     </span>
     <span class='ocr_line' id='line_1_22' title="bbox 365 2593 1436 2694; baseline 0.006 -22"><span class='ocrx_word' id='word_1_161' title='bbox 365 2663 367 2666; x_wconf 95' lang='lat'>.</span> <span class='ocrx_word' id='word_1_162' title='bbox 434 2619 476 2673; x_wconf 87' lang='lat' dir='ltr'><strong>vis</strong></span> <span class='ocrx_word' id='word_1_163' title='bbox 508 2620 598 2674; x_wconf 89' lang='lat' dir='ltr'><strong>libens</strong></span> <span class='ocrx_word' id='word_1_164' title='bbox 628 2593 788 2674; x_wconf 82' lang='lat' dir='ltr'><strong>referam:</strong></span> <span class='ocrx_word' id='word_1_165' title='bbox 820 2622 857 2675; x_wconf 90' lang='lat' dir='ltr'><strong>ad</strong></span> <span class='ocrx_word' id='word_1_166' title='bbox 892 2639 937 2675; x_wconf 90' lang='lat' dir='ltr'><strong>me</strong></span> <span class='ocrx_word' id='word_1_167' title='bbox 972 2621 1049 2675; x_wconf 91' lang='lat' dir='ltr'><strong>enim</strong></span> <span class='ocrx_word' id='word_1_168' title='bbox 1079 2632 1156 2676; x_wconf 88' lang='lat' dir='ltr'><strong>totus</strong></span> <span class='ocrx_word' id='word_1_169' title='bbox 1189 2624 1436 2694; x_wconf 89' lang='lat' dir='ltr'><strong>conuertebatur,</strong></span> 
     </span>
     <span class='ocr_line' id='line_1_23' title="bbox 435 2721 1438 2802; baseline 0.007 -27"><span class='ocrx_word' id='word_1_170' title='bbox 435 2721 485 2794; x_wconf 92' lang='lat' dir='ltr'><strong>qui</strong></span> <span class='ocrx_word' id='word_1_171' title='bbox 516 2742 577 2776; x_wconf 90' lang='lat' dir='ltr'><strong>non</strong></span> <span class='ocrx_word' id='word_1_172' title='bbox 604 2722 658 2802; x_wconf 82' lang='lat' dir='ltr'><strong>alia</strong></span> <span class='ocrx_word' id='word_1_173' title='bbox 682 2723 717 2776; x_wconf 92' lang='lat' dir='ltr'><strong>de</strong></span> <span class='ocrx_word' id='word_1_174' title='bbox 744 2723 830 2777; x_wconf 87' lang='lat' dir='ltr'><strong>causa</strong></span> <span class='ocrx_word' id='word_1_175' title='bbox 855 2723 1084 2795; x_wconf 81' lang='lat' dir='ltr'><strong>desperatissima</strong></span> <span class='ocrx_word' id='word_1_176' title='bbox 1108 2743 1230 2796; x_wconf 80' lang='lat' dir='ltr'><strong>quaeque</strong></span> <span class='ocrx_word' id='word_1_177' title='bbox 1265 2725 1300 2780; x_wconf 88' lang='lat' dir='ltr'><strong>de</strong></span> <span class='ocrx_word' id='word_1_178' title='bbox 1333 2725 1438 2782; x_wconf 90' lang='lat' dir='ltr'><strong>litteris</strong></span> 
     </span>
     <span class='ocr_line' id='line_1_24' title="bbox 425 2825 1439 2902; baseline 0.002 -20"><span class='ocrx_word' id='word_1_179' title='bbox 425 2825 504 2902; x_wconf 80' lang='lat' dir='ltr'><strong>mihi</strong></span> <span class='ocrx_word' id='word_1_180' title='bbox 526 2843 764 2898; x_wconf 89' lang='lat' dir='ltr'><strong>proposueram,</strong></span> <span class='ocrx_word' id='word_1_181' title='bbox 795 2825 851 2878; x_wconf 90' lang='lat' dir='ltr'><strong>nisi</strong></span> <span class='ocrx_word' id='word_1_182' title='bbox 885 2825 953 2897; x_wconf 90' lang='lat' dir='ltr'><strong>quia</strong></span> <span class='ocrx_word' id='word_1_183' title='bbox 982 2836 1140 2880; x_wconf 87' lang='lat' dir='ltr'><strong>metuerem</strong></span> <span class='ocrx_word' id='word_1_184' title='bbox 1169 2827 1320 2882; x_wconf 87' lang='lat' dir='ltr'><strong>miserrimi</strong></span> <span class='ocrx_word' id='word_1_185' title='bbox 1348 2827 1439 2901; x_wconf 85' lang='lat' dir='ltr'><strong>hujus</strong></span> 
     </span>
     <span class='ocr_line' id='line_1_25' title="bbox 436 2925 1439 3000; baseline 0.006 -20"><span class='ocrx_word' id='word_1_186' title='bbox 436 2927 572 3000; x_wconf 88' lang='lat' dir='ltr'><strong>temporis</strong></span> <span class='ocrx_word' id='word_1_187' title='bbox 597 2939 702 2982; x_wconf 87' lang='lat' dir='ltr'><strong>statum</strong></span> <span class='ocrx_word' id='word_1_188' title='bbox 724 2927 899 3000; x_wconf 81' lang='lat' dir='ltr'><strong>propagari,</strong></span> <span class='ocrx_word' id='word_1_189' title='bbox 930 2929 1147 3000; x_wconf 86' lang='lat' dir='ltr'><strong>Romanamque</strong></span> <span class='ocrx_word' id='word_1_190' title='bbox 1172 2948 1233 2983; x_wconf 88' lang='lat' dir='ltr'><strong>rem</strong></span> <span class='ocrx_word' id='word_1_191' title='bbox 1259 2925 1439 2986; x_wconf 78' lang='lat' dir='ltr'><strong>debilitatam</strong></span> 
     </span>
     <span class='ocr_line' id='line_1_26' title="bbox 432 3017 1438 3111; baseline 0.004 -28.062"><span class='ocrx_word' id='word_1_192' title='bbox 432 3030 493 3101; x_wconf 84' lang='lat' dir='ltr'><strong>jam</strong></span> <span class='ocrx_word' id='word_1_193' title='bbox 517 3049 628 3111; x_wconf 81' lang='lat' dir='ltr'><strong>prope,</strong></span> <span class='ocrx_word' id='word_1_194' title='bbox 654 3042 682 3085; x_wconf 87' lang='lat' dir='ltr'><strong>et</strong></span> <span class='ocrx_word' id='word_1_195' title='bbox 705 3030 858 3084; x_wconf 90' lang='lat' dir='ltr'><strong>extinctam</strong></span> <span class='ocrx_word' id='word_1_196' title='bbox 881 3031 1101 3087; x_wconf 87' lang='lat' dir='ltr'><strong>existimabam·</strong></span> <span class='ocrx_word' id='word_1_197' title='bbox 1125 3026 1212 3104; x_wconf 88' lang='lat' dir='ltr'><strong>quem</strong></span> <span class='ocrx_word' id='word_1_198' title='bbox 1234 3051 1270 3086; x_wconf 88' lang='lat' dir='ltr'><strong>ne</strong></span> <span class='ocrx_word' id='word_1_199' title='bbox 1295 3017 1438 3087; x_wconf 83' lang='lat' dir='ltr'><strong>inconso-</strong></span> 
     </span>
     <span class='ocr_line' id='line_1_27' title="bbox 434 3107 1438 3218; baseline 0.004 -32"><span class='ocrx_word' id='word_1_200' title='bbox 434 3123 524 3210; x_wconf 81' lang='lat' dir='ltr'><strong>latum</strong></span> <span class='ocrx_word' id='word_1_201' title='bbox 546 3134 720 3216; x_wconf 82' lang='lat' dir='ltr'><strong>relinqueret</strong></span> <span class='ocrx_word' id='word_1_202' title='bbox 741 3107 918 3218; x_wconf 71' lang='lat' dir='ltr'><strong>Eoritai-enus</strong></span> <span class='ocrx_word' id='word_1_203' title='bbox 938 3136 1026 3190; x_wconf 68' lang='lat' dir='ltr'><strong>rerba</strong></span> <span class='ocrx_word' id='word_1_204' title='bbox 1047 3153 1109 3189; x_wconf 91' lang='lat' dir='ltr'><strong>mea</strong></span> <span class='ocrx_word' id='word_1_205' title='bbox 1131 3135 1291 3208; x_wconf 89' lang='lat' dir='ltr'><strong>excipiens,</strong></span> <span class='ocrx_word' id='word_1_206' title='bbox 1314 3147 1343 3190; x_wconf 87' lang='lat' dir='ltr'><strong>et</strong></span> <span class='ocrx_word' id='word_1_207' title='bbox 1359 3147 1438 3190; x_wconf 88' lang='lat' dir='ltr'><strong>tem-</strong></span> 
     </span>
     <span class='ocr_line' id='line_1_28' title="bbox 433 3218 1438 3328; baseline 0.005 -40"><span class='ocrx_word' id='word_1_208' title='bbox 433 3235 512 3328; x_wconf 88' lang='lat' dir='ltr'><strong>poris</strong></span> <span class='ocrx_word' id='word_1_209' title='bbox 538 3235 587 3307; x_wconf 82' lang='lat' dir='ltr'><strong>huj</strong></span> <span class='ocrx_word' id='word_1_210' title='bbox 591 3255 624 3290; x_wconf 88' lang='lat' dir='ltr'><strong>us</strong></span> <span class='ocrx_word' id='word_1_211' title='bbox 649 3236 760 3291; x_wconf 89' lang='lat' dir='ltr'><strong>ratione</strong></span> <span class='ocrx_word' id='word_1_212' title='bbox 777 3236 875 3290; x_wconf 89' lang='lat' dir='ltr'><strong>habita</strong></span> <span class='ocrx_word' id='word_1_213' title='bbox 888 3256 977 3309; x_wconf 93' lang='lat' dir='ltr'><strong>‚quo</strong></span> <span class='ocrx_word' id='word_1_214' title='bbox 1003 3237 1043 3291; x_wconf 91' lang='lat' dir='ltr'><strong>ita</strong></span> <span class='ocrx_word' id='word_1_215' title='bbox 1062 3218 1328 3311; x_wconf 87' lang='lat' dir='ltr'><strong>perturbabamur,</strong></span> <span class='ocrx_word' id='word_1_216' title='bbox 1353 3239 1438 3311; x_wconf 92' lang='lat' dir='ltr'><strong>quod</strong></span> 
     </span>
     <span class='ocr_line' id='line_1_29' title="bbox 434 3311 1438 3411; baseline 0.004 -19"><span class='ocrx_word' id='word_1_217' title='bbox 434 3337 572 3411; x_wconf 87' lang='lat' dir='ltr'><strong>proximis</strong></span> <span class='ocrx_word' id='word_1_218' title='bbox 593 3339 670 3394; x_wconf 85' lang='lat' dir='ltr'><strong>bisce</strong></span> <span class='ocrx_word' id='word_1_219' title='bbox 693 3311 794 3395; x_wconf 90' lang='lat' dir='ltr'><strong>dicbus</strong></span> <span class='ocrx_word' id='word_1_220' title='bbox 820 3351 881 3394; x_wconf 86' lang='lat' dir='ltr'><strong>tum</strong></span> <span class='ocrx_word' id='word_1_221' title='bbox 903 3341 1024 3394; x_wconf 83' lang='lat' dir='ltr'><strong>maxime</strong></span> <span class='ocrx_word' id='word_1_222' title='bbox 1052 3341 1197 3395; x_wconf 89' lang='lat' dir='ltr'><strong>timuimus</strong></span> <span class='ocrx_word' id='word_1_223' title='bbox 1221 3359 1338 3409; x_wconf 90' lang='lat' dir='ltr'><strong>omnes,</strong></span> <span class='ocrx_word' id='word_1_224' title='bbox 1369 3341 1438 3396; x_wconf 78' lang='lat' dir='ltr'><strong>cum</strong></span> 
     </span>
     <span class='ocr_line' id='line_1_30' title="bbox 417 3425 1439 3536; baseline 0.003 -42"><span class='ocrx_word' id='word_1_225' title='bbox 417 3441 522 3536; x_wconf 70' lang='lat' dir='ltr'><strong>⁸salsus</strong></span> <span class='ocrx_word' id='word_1_226' title='bbox 541 3442 587 3496; x_wconf 91' lang='lat' dir='ltr'><strong>ille</strong></span> <span class='ocrx_word' id='word_1_227' title='bbox 610 3461 710 3497; x_wconf 91' lang='lat' dir='ltr'><strong>rumor</strong></span> <span class='ocrx_word' id='word_1_228' title='bbox 731 3444 767 3498; x_wconf 92' lang='lat' dir='ltr'><strong>de</strong></span> <span class='ocrx_word' id='word_1_229' title='bbox 786 3444 890 3498; x_wconf 85' lang='lat' dir='ltr'><strong>summi</strong></span> <span class='ocrx_word' id='word_1_230' title='bbox 914 3444 1059 3528; x_wconf 56' lang='lat' dir='ltr'><strong>Pontifici}</strong></span> <span class='ocrx_word' id='word_1_231' title='bbox 1083 3444 1165 3498; x_wconf 94' lang='lat' dir='ltr'><strong>obitu</strong></span> <span class='ocrx_word' id='word_1_232' title='bbox 1186 3431 1352 3531; x_wconf 82' lang='lat' dir='ltr'><strong>diuulgatus</strong></span> <span class='ocrx_word' id='word_1_233' title='bbox 1372 3425 1439 3513; x_wconf 84' lang='lat' dir='ltr'><strong>est,</strong></span> 
     </span>
     <span class='ocr_line' id='line_1_31' title="bbox 435 3545 1439 3639; baseline 0.003 -41"><span class='ocrx_word' id='word_1_234' title='bbox 435 3555 464 3598; x_wconf 90' lang='lat' dir='ltr'><strong>et</strong></span> <span class='ocrx_word' id='word_1_235' title='bbox 485 3545 705 3601; x_wconf 89' lang='lat' dir='ltr'><strong>tumultuosiora</strong></span> <span class='ocrx_word' id='word_1_236' title='bbox 727 3547 858 3639; x_wconf 85' lang='lat' dir='ltr'><strong>quaedam</strong></span> <span class='ocrx_word' id='word_1_237' title='bbox 877 3547 982 3620; x_wconf 89' lang='lat' dir='ltr'><strong>passim</strong></span> <span class='ocrx_word' id='word_1_238' title='bbox 1003 3545 1161 3619; x_wconf 83' lang='lat' dir='ltr'><strong>diuulgata.</strong></span> <span class='ocrx_word' id='word_1_239' title='bbox 1183 3547 1261 3615; x_wconf 87' lang='lat' dir='ltr'><strong>Quid</strong></span> <span class='ocrx_word' id='word_1_240' title='bbox 1282 3546 1356 3600; x_wconf 91' lang='lat' dir='ltr'><strong>enim</strong></span> <span class='ocrx_word' id='word_1_241' title='bbox 1375 3565 1439 3601; x_wconf 85' lang='lat' dir='ltr'><strong>nou</strong></span> 
     </span>
     <span class='ocr_line' id='line_1_32' title="bbox 434 3627 1437 3724; baseline 0.003 -25"><span class='ocrx_word' id='word_1_242' title='bbox 434 3633 638 3724; x_wconf 79' lang='lat' dir='ltr'><strong>undecunque</strong></span> <span class='ocrx_word' id='word_1_243' title='bbox 651 3648 842 3703; x_wconf 89' lang='lat' dir='ltr'><strong>miserrimum</strong></span> <span class='ocrx_word' id='word_1_244' title='bbox 861 3649 1071 3721; x_wconf 88' lang='lat' dir='ltr'><strong>expectandum</strong></span> <span class='ocrx_word' id='word_1_245' title='bbox 1094 3659 1173 3716; x_wconf 90' lang='lat' dir='ltr'><strong>erat,</strong></span> <span class='ocrx_word' id='word_1_246' title='bbox 1200 3649 1294 3703; x_wconf 90' lang='lat' dir='ltr'><strong>aiebat</strong></span> <span class='ocrx_word' id='word_1_247' title='bbox 1321 3627 1437 3704; x_wconf 79' lang='lat' dir='ltr'><strong>Coma</strong></span> 
     </span>
     <span class='ocr_line' id='line_1_33' title="bbox 435 3730 1438 3830; baseline 0.004 -28"><span class='ocrx_word' id='word_1_248' title='bbox 435 3768 538 3818; x_wconf 83' lang='lat' dir='ltr'><strong>renus,</strong></span> <span class='ocrx_word' id='word_1_249' title='bbox 559 3749 743 3830; x_wconf 87' lang='lat' dir='ltr'><strong>Republica</strong></span> <span class='ocrx_word' id='word_1_250' title='bbox 736 3771 766 3804; x_wconf 90' lang='lat' dir='ltr'><strong>ru</strong></span> <span class='ocrx_word' id='word_1_251' title='bbox 785 3751 829 3805; x_wconf 92' lang='lat' dir='ltr'><strong>his</strong></span> <span class='ocrx_word' id='word_1_252' title='bbox 848 3750 1114 3824; x_wconf 89' lang='lat' dir='ltr'><strong>perturbationibus</strong></span> <span class='ocrx_word' id='word_1_253' title='bbox 1131 3730 1287 3821; x_wconf 74' lang='lat' dir='ltr'><strong>jacente,&#39;</strong></span> <span class='ocrx_word' id='word_1_254' title='bbox 1279 3770 1308 3804; x_wconf 90' lang='lat' dir='ltr'><strong>m</strong></span> <span class='ocrx_word' id='word_1_255' title='bbox 1330 3768 1438 3824; x_wconf 83' lang='lat' dir='ltr'><strong>magna</strong></span> 
     </span>
     <span class='ocr_line' id='line_1_34' title="bbox 435 3837 1438 3930; baseline 0.004 -27"><span class='ocrx_word' id='word_1_256' title='bbox 435 3837 597 3930; x_wconf 85' lang='lat' dir='ltr'><strong>gladiorum</strong></span> <span class='ocrx_word' id='word_1_257' title='bbox 616 3851 749 3919; x_wconf 87' lang='lat' dir='ltr'><strong>licentia,</strong></span> <span class='ocrx_word' id='word_1_258' title='bbox 769 3863 855 3924; x_wconf 90' lang='lat' dir='ltr'><strong>atque</strong></span> <span class='ocrx_word' id='word_1_259' title='bbox 880 3851 1065 3925; x_wconf 89' lang='lat' dir='ltr'><strong>impunitate!</strong></span> <span class='ocrx_word' id='word_1_260' title='bbox 1090 3852 1218 3920; x_wconf 90' lang='lat' dir='ltr'><strong>Quod</strong></span> <span class='ocrx_word' id='word_1_261' title='bbox 1197 3871 1220 3906; x_wconf 73' lang='grc' dir='ltr'><strong>ει</strong></span> <span class='ocrx_word' id='word_1_262' title='bbox 1240 3837 1438 3925; x_wconf 89' lang='lat' dir='ltr'><strong>probatissimi</strong></span> 
     </span>
     <span class='ocr_line' id='line_1_35' title="bbox 435 3931 1438 4035; baseline 0.003 -29"><span class='ocrx_word' id='word_1_263' title='bbox 435 3951 584 4022; x_wconf 65' lang='lat' dir='ltr'><strong>Pontifices</strong></span> <span class='ocrx_word' id='word_1_264' title='bbox 608 3955 685 4007; x_wconf 90' lang='lat' dir='ltr'><strong>mors</strong></span> <span class='ocrx_word' id='word_1_265' title='bbox 711 3953 877 4020; x_wconf 89' lang='lat' dir='ltr'><strong>accidisset,</strong></span> <span class='ocrx_word' id='word_1_266' title='bbox 906 3931 1041 4007; x_wconf 86' lang='lat' dir='ltr'><strong>nimirum</strong></span> <span class='ocrx_word' id='word_1_267' title='bbox 1070 3954 1107 4007; x_wconf 93' lang='lat' dir='ltr'><strong>de</strong></span> <span class='ocrx_word' id='word_1_268' title='bbox 1133 3953 1220 4035; x_wconf 86' lang='lat' dir='ltr'><strong>totius</strong></span> <span class='ocrx_word' id='word_1_269' title='bbox 1246 3954 1334 4009; x_wconf 85' lang='lat' dir='ltr'><strong>Italiae</strong></span> <span class='ocrx_word' id='word_1_270' title='bbox 1357 3964 1438 4009; x_wconf 89' lang='lat' dir='ltr'><strong>statu</strong></span> 
     </span>
     <span class='ocr_line' id='line_1_36' title="bbox 436 4029 1433 4126; baseline 0.004 -20"><span class='ocrx_word' id='word_1_271' title='bbox 436 4063 532 4106; x_wconf 89' lang='lat' dir='ltr'><strong>actum</strong></span> <span class='ocrx_word' id='word_1_272' title='bbox 548 4064 627 4122; x_wconf 89' lang='lat' dir='ltr'><strong>erat,</strong></span> <span class='ocrx_word' id='word_1_273' title='bbox 648 4029 796 4126; x_wconf 87' lang='lat' dir='ltr'><strong>multaque</strong></span> <span class='ocrx_word' id='word_1_274' title='bbox 811 4031 1001 4109; x_wconf 86' lang='lat' dir='ltr'><strong>intolerabilia</strong></span> <span class='ocrx_word' id='word_1_275' title='bbox 1019 4054 1088 4110; x_wconf 92' lang='lat' dir='ltr'><strong>locis</strong></span> <span class='ocrx_word' id='word_1_276' title='bbox 1107 4055 1240 4110; x_wconf 89' lang='lat' dir='ltr'><strong>omnibus</strong></span> <span class='ocrx_word' id='word_1_277' title='bbox 1256 4055 1433 4110; x_wconf 84' lang='lat' dir='ltr'><strong>accidissent.</strong></span> 
     </span>
     <span class='ocr_line' id='line_1_37' title="bbox 435 4154 1435 4228; baseline 0.005 -19"><span class='ocrx_word' id='word_1_278' title='bbox 435 4154 493 4219; x_wconf 83' lang='lat' dir='ltr'><strong>Sed</strong></span> <span class='ocrx_word' id='word_1_279' title='bbox 520 4165 547 4210; x_wconf 90' lang='lat' dir='ltr'><strong>te</strong></span> <span class='ocrx_word' id='word_1_280' title='bbox 571 4154 632 4227; x_wconf 88' lang='lat' dir='ltr'><strong>jam</strong></span> <span class='ocrx_word' id='word_1_281' title='bbox 651 4155 707 4211; x_wconf 91' lang='lat' dir='ltr'><strong>hoc</strong></span> <span class='ocrx_word' id='word_1_282' title='bbox 727 4168 806 4212; x_wconf 90' lang='lat' dir='ltr'><strong>metu</strong></span> <span class='ocrx_word' id='word_1_283' title='bbox 830 4157 921 4214; x_wconf 91' lang='lat' dir='ltr'><strong>libero</strong></span> <span class='ocrx_word' id='word_1_284' title='bbox 942 4157 1041 4214; x_wconf 85' lang='lat' dir='ltr'><strong>Coloti.</strong></span> <span class='ocrx_word' id='word_1_285' title='bbox 1069 4157 1236 4228; x_wconf 72' lang='lat' dir='ltr'><strong>Herienim</strong></span> <span class='ocrx_word' id='word_1_286' title='bbox 1266 4155 1435 4222; x_wconf 78' lang='lat' dir='ltr'><strong>Pontificem</strong></span> 
     </span>
    </p>
   </div>
   <div class='ocr_carea' id='block_1_5' title="bbox 0 0 1598 5166">
    <p class='ocr_par' dir='ltr' id='par_1_6' title="bbox 0 0 1598 5166">
     <span class='ocr_line' id='line_1_38' title="bbox 0 0 1598 5166; baseline 0 0"><span class='ocrx_word' id='word_1_287' title='bbox 0 0 1598 5166; x_wconf 95' lang='lat' dir='ltr'><strong> </strong></span> 
     </span>
    </p>
   </div>
  </div>
 </body>
</html>
