3202 5168
425 453 462 512 18
669 459 791 515 Joarturs
812 455 914 531 Parmj
937 459 1115 527 vinnan,
1138 477 1175 513 nr

422 583 645 657 supellectilem,
665 587 710 640 rel
729 565 762 641 ut
780 585 911 640 nonnulli
930 584 1046 654 volunt,
1067 583 1247 640 reconditam
1270 587 1423 659 pecuniam

324 670 330 694 ³
422 669 719 756 auferret‚³reuersus
737 689 878 757 Ro'mam,
897 699 925 743 et
947 674 1074 743 domum
1085 675 1165 741 suam
1178 686 1352 761 ingressus,
1371 691 1423 746 ubi

421 788 573 845 familiares
587 789 631 845 sui
647 808 682 844 eo
700 791 803 845 morbo
822 789 1007 845 contaminati
1017 788 1204 859 interierant,
1223 788 1284 864 ipse
1301 783 1421 866 quoque

421 887 600 958 contactuse
621 892 760 966 vestigio,
786 891 854 946 dum
882 891 1037 947 abitionem
1060 901 1163 965 parat,
1189 893 1324 965 Aquilam
1352 913 1423 969 pro·

421 994 548 1052 fecturus
570 1013 675 1064 senex,
694 1013 787 1069 aeger,
810 1006 838 1050 et
860 1013 998 1068 corpore,
1021 1005 1049 1048 et
1070 994 1167 1048 animo
1183 995 1330 1053 confectus
1349 1016 1423 1071 qua-

381 1097 582 1177 ·'dragesirno
604 1098 642 1161 ab
671 1097 744 1153 urbe
767 1097 879 1172 lapide,
904 1098 980 1153 intra
1000 1097 1178 1170 hospitium,
1201 1095 1246 1152 v'el
1272 1089 1423 1156 anemine'

420 1200 451 1257 in
473 1199 665 1257 diuersorium
686 1209 835 1274 receptus,
858 1200 903 1254 vel
924 1201 985 1274 ipse
1004 1199 1076 1254 nulli
1091 1199 1157 1254 satis
1176 1197 1286 1269 fidens,
1304 1215 1337 1259 ut
1351 1222 1423 1279 pro-

421 1305 560 1386 cellosam·
572 1316 669 1362 tamen
683 1306 742 1360 caeli
762 1313 979 1376 tempestatem,
1003 1321 1065 1376 quae
1083 1301 1161 1376 large
1182 1302 1301 1359 cadente
1322 1303 1422 1377 pluuia

421 1408 525 1464 oborta
546 1419 627 1476 erat,
646 1425 699 1482 per
718 1418 839 1474 noctem,
853 1405 992 1473 euitarct,
1014 1403 1045 1458 in
1064 1404 1188 1476 proximi
1206 1391 1304 1479 tempii
1323 1405 1423 1478 cujus-

407 1511 487 1566 -dam
507 1520 647 1566 vetustate
670 1508 808 1584 praerupti
829 1525 954 1581 pronum
975 1523 1004 1560 se
1029 1505 1213 1578 conjecerat,
1244 1518 1358 1562 noctem
1380 1507 1423 1564 ibi

420 1633 476 1688 pro
492 1613 603 1671 foribus
625 1612 798 1686 quieturus,
823 1628 906 1666 mane
921 1621 1017 1665 autem
1036 1609 1054 1680 a
1070 1608 1228 1665 viatoribus
1243 1609 1350 1666 ibidem
1371 1629 1423 1665 re,-

408 1727 521 1792 ¹,pertus
542 1727 583 1772 est
608 1716 794 1772 exanimatus.
827 1713 858 1768 ''.

281 1815 324 1866 Au
342 1827 405 1866 ustus
461 1822 500 1874 At
518 1816 578 1875 aon
593 1819 686 1874 minus
706 1816 859 1873 crudeliter
873 1815 1008 1873 occubuit
1016 1819 1172 1872 ·Auousrus
1186 1819 1313 1886 vinnm,
1328 1820 1421 1873 Para-

265 1883 323 1937 Μ
371 1920 377 1932 “
422 1941 509 1978 uruus
531 1922 634 1990 Caura,
653 1919 703 1995 qui
720 1921 816 1974 Romae
838 1938 891 1992 per
910 1930 954 1974 tot
974 1936 1065 1974 annos
1085 1918 1177 1974 bonas
1198 1919 1307 1975 litteras
1333 1919 1420 1976 tantis

422 2025 519 2080 abeo
548 2013 670 2099 vigiliis,
699 2022 875 2092 sudoribus,
901 2033 930 2077 et
953 2021 1232 2096 peregrinationibus
1266 2022 1420 2096 acquisitas

408 2127 568 2204 ,professus
591 2136 672 2195 erat,
695 2124 745 2198 qui
766 2143 825 2180 non
844 2124 938 2180 solum
960 2142 1049 2193 voce,
1076 2125 1176 2180 veriam
1200 2125 1284 2215 etiam
1308 2125 1421 2201 scriptis

384 2213 387 2222 Ι
423 2229 614 2286 eruditionem
628 2227 859 2284 omnifariam-ab
880 2227 998 2282 interitu
1010 2228 1196 2298 vendicabat3
1217 2230 1304 2302 quam
1325 2215 1421 2286 autem

423 2333 577 2389 miserabili
596 2310 822 2407 mortis⁶genere
841 2331 928 2386 vitam
947 2329 1029 2386 finiit.
1047 2331 1152 2387 Incidit
1173 2332 1248 2386 enim
1268 2332 1299 2386 in
1316 2334 1422 2388 Roma-

424 2455 491 2491 nam
515 2435 644 2505 cladem,
673 2434 867 2508 Hispanorum
891 2434 989 2505 illam,
1016 2446 1045 2490 et
1067 2437 1276 2490 Germanorum
1304 2435 1420 2511 praedo-

423 2557 496 2594 num
524 2538 663 2594 saeuiciam
694 2538 932 2608 acerbissimam,
963 2537 1046 2610 cujus
1081 2548 1147 2593 aute
1180 2528 1279 2594 oculos
1308 2539 1423 2613 direpta

423 2640 536 2709 domo,
553 2640 628 2714 ipsc
653 2641 683 2696 in
707 2640 825 2696 vinculis
849 2641 985 2710 babitus,
1016 2641 1252 2715 preciosissimam
1280 2642 1422 2699 librorum

351 2762 354 2767 ’
426 2728 653 2816 supellectilem,
687 2742 857 2816 laboresque
887 2743 950 2798 illos
981 2761 1071 2814 suos,
1103 2763 1176 2817 quos
1209 2744 1366 2819 praesertim
1392 2729 1423 2806 in

426 2843 550 2902 Plinium
572 2844 758 2900 elucubrabat
783 2863 879 2901 coram
900 2845 1070 2916 dilacerari,
1098 2857 1126 2902 et
1157 2847 1187 2902 in
1214 2867 1298 2903 usum
1315 2847 1423 2905 ‘eulina

427 2946 542 3003 incendi
562 2947 727 3021 conspexit3
759 2959 786 3003 et
808 2947 839 3004 in
855 2967 898 3003 -eo
922 2967 1041 3004 maerore
1066 2950 1210 3006 omnibus
1226 2951 1288 3007 aliis
1314 2952 1423 3008 incom-

332 3095 334 3099 Α
428 3049 521 3110 modis
544 3048 722 3128 conflictatus
741 3062 861 3125 propter
880 3061 1063 3126 arrogantem
1076 3071 1183 3108 eorum
1204 3051 1423 3125 crudelitatem,

331 3177 334 3181 ·
429 3152 534 3228 quibus
554 3153 624 3210 nihil
641 3172 768 3237 unqqam
792 3153 846 3208 tuit
867 3153 1045 3234 improbius,
1067 3155 1137 3210 dum
1160 3157 1283 3212 modicae·
1300 3156 1423 3214 fortuma

256 3238 259 3252 ι
430 3255 474 3311 vir
496 3253 683 3321 insatiabilem
707 3232 898 3311 barbarorum
924 3256 999 3312 sitim
1025 3256 1139 3313 tributis
1163 3259 1276 3333 explere
1302 3260 1423 3333 nequit,

431 3358 483 3432 qui
501 3377 585 3414 omne
605 3358 756 3415 senectutis
778 3378 834 3416 suta
848 3359 1058 3432 viaticumtjam
1072 3373 1253 3417 excusserant
1272 3362 1287 3417 ὲ
1303 3362 1423 3432 loculis,

379 3503 384 3513 .
431 3472 507 3534 post»
521 3462 662 3532 cruciatus
682 3461 776 3516 varios
799 3460 873 3516 fame
897 3462 1012 3517 demum
1035 3475 1221 3537 consumptus
1244 3464 1424 3538 perhibetur.

310 3565 391 3618 Jamcs
461 3539 616 3620 i'rosessus
636 3573 677 3618 est
695 3563 779 3631 etiam
797 3563 875 3637 apud
892 3582 945 3619 uos
962 3566 1259 3635 transmaritanus,
1283 3567 1320 3622 ad
1340 3565 1423 3639 cujus

277 3632 418 3686 Parrbasi-

277 3717 310 3750 lis.

430 3665 585 3722 iucundam
610 3685 710 3722 vocem
736 3667 864 3741 undique
890 3664 1126 3724 condurrebatur.
1154 3670 1263 3725 Verdm
1284 3669 1326 3740 is,
1353 3670 1424 3728 dum

431 3768 551 3824 assiduis
574 3768 694 3843 vigiliis,
723 3781 751 3824 et
774 3769 864 3844 longae
885 3771 1012 3826 lectionis
1032 3771 1179 3852 laboribus
1196 3784 1373 3843 maceratur,
1394 3772 1424 3830 in

432 3889 492 3927 eam
520 3871 618 3926 incidit
644 3871 801 3927 articularis
825 3872 919 3927 morbi
949 3873 1168 3943 truculentiam,
1197 3885 1230 3931 ut
1258 3869 1310 3949 per
1331 3894 1423 3931 annos

431 3973 542 4046 aliquot
561 3957 602 4028 nil
623 3984 727 4047 praeter
749 3973 873 4048 linguam
896 3975 929 4029 in,
940 3975 1076 4032 uniuerso
1095 3992 1217 4050 corpore
1240 3977 1359 4051 haberet
1379 3978 1423 4032 in-

431 4055 592 4145 cdlumem‚
622 4076 746 4131 siderato
768 4079 977 4152 propemodum
999 4090 1124 4154 utroque
1148 4099 1252 4150 crure,
1279 4091 1311 4135 ut
1339 4080 1423 4137 nullis

432 4178 539 4255 pedum
559 4174 660 4236 officiis
682 4179 725 4242 uti
748 4191 867 4255 posset,
889 4180 1058 4257 lacertisque
1079 4201 1138 4258 prae
1161 4183 1280 4254 dolore,
1304 4191 1424 4240 et'con·
