3186 5166
369 421 601 476 errnnsroanu
622 419 837 477 Inrntrcrrsrt.
879 421 942 478 Lib.
964 424 1004 478 II.
1042 495 1043 500 ἵ
1138 413 1177 485 id

181 559 270 622 atque
290 547 345 603 alia
364 547 568 617 suboriuntur,
590 549 730 603 enarrabo
751 549 832 604 vobis
850 549 1072 605 coniunctissimi
1091 551 1178 608 iami-

182 649 258 706 liaris
274 647 330 706 mei
349 647 569 706 Cumsrornonr
590 653 682 706 Barrr
702 652 810 706 exitum
825 651 1061 727 indignissimum.
1078 657 1176 712 Nostis

180 763 277 808 autem
297 765 395 808 omnes
414 753 598 807 Pannensem
616 753 774 822 hominem
803 755 897 809 multae
920 755 1048 812 lectionis
1067 757 1176 828 virum,

181 855 307 923 mern,
339 855 506 930 Latinisque
535 855 635 911 litteris
665 855 772 930 optime
800 857 964 927 eruditum,
994 859 1116 933 copiosae
1146 861 1177 914 iu

181 970 266 1013 versu
285 955 418 1012 ‘iaciendo
435 953 592 1027 lacundiae,
610 973 697 1032 prosa
716 977 776 1014 non
793 957 961 1034 ineleganti,
982 961 1178 1036 Philosophiae

180 1078 240 1115 non
264 1060 416 1136 ignarum,
437 1041 532 1123 multis
557 1071 618 1116 tota
641 1060 699 1115 vita
724 1039 931 1117 calamitatibus
954 1063 1176 1135 labefactatum,

179 1174 371 1237 paupertate,
395 1156 566 1236 naufragio,
593 1163 821 1236 peregrinatione
846 1177 898 1238 per
923 1166 988 1220 auia
1012 1167 1177 1237 montium,

180 1265 350 1321 utinstantes
367 1263 476 1321 Piratae
492 1265 630 1334 Mauros,
663 1264 804 1335 eniteret,
827 1263 972 1322 bonorum
989 1267 1118 1339 iactura,
1148 1281 1178 1326 et

180 1363 367 1423 incommodis
395 1365 538 1442 plerisque
568 1367 628 1423 aliis
653 1366 800 1425 afflictum.
829 1371 926 1426 Romae
952 1371 975 1426 is
1004 1373 1176 1428 Praesulibus

178 1469 290 1544 aliquot
308 1483 426 1545 operam
446 1481 474 1525 et
498 1472 515 1525 a
538 1471 666 1540 secretis,
685 1479 713 1526 et
734 1472 751 1526 is
774 1471 874 1528 litteris
895 1475 1029 1543 nauauit,
1052 1491 1177 1549 quorum

179 1573 295 1628 demum
322 1575 450 1639 moribus
475 1573 602 1630 offensus
630 1591 683 1630 suo
705 1575 872 1630 decreuerat
893 1572 955 1632 iure
975 1578 1099 1648 viuere,
1126 1576 1177 1634 sed

178 1676 318 1731 Arretinae
339 1695 407 1731 mox
428 1677 578 1751 praefectus
603 1675 768 1746 cathedrae,
800 1678 899 1752 paucis
922 1679 989 1734 iude
1009 1681 1175 1751 mensibus,

178 1778 249 1834 dum
269 1777 362 1852 impar
381 1795 482 1833 eorum
499 1777 617 1835 factioni
637 1791 699 1848 est,
729 1781 780 1853 qui
803 1780 964 1836 fautoribus
989 1783 1047 1837 suis
1068 1783 1176 1840 aduer-

177 1879 329 1949 sabantur‚
347 1878 489 1955 faedisquae
504 1880 651 1938 calumniis
664 1882 809 1960 bominem
828 1879 1024 1952 incessebant,
1043 1883 1177 1941 abiurare

177 1979 386 2055 professionem
413 1995 529 2040 coactus
557 2001 661 2060 magno
686 2003 751 2040 cum
784 1979 934 2058 dispendio
958 1983 1119 2042 Bononiam
1146 1988 1176 2041 iu

177 2079 399 2140 contubernium
434 2101 529 2142 meum
560 2103 589 2142 se
623 2098 779 2160 receperat.
824 2081 895 2142 inde
926 2086 943 2140 is
973 2089 1175 2144 Parmensibui

177 2183 289 2242 ciuibus
326 2187 509 2257 accersitus,
543 2188 574 2243 in
606 2203 639 2243 ca
672 2189 745 2244 urbe
778 2187 872 2262 patria
903 2185 1102 2244 honestissima
1134 2203 1176 2246 est

136 2323 137 2326 =
176 2287 314 2345 cathedra
339 2287 503 2347 decoratus.
531 2287 584 2346 Hic
609 2285 655 2345 lile
677 2290 820 2363 reliquum
848 2290 911 2344 vitae
941 2302 1073 2365 tempus,
1090 2294 1177 2350 acsi

176 2391 293 2447 tlemum
324 2393 353 2448 in
368 2394 591 2468 ,optatissimum
619 2403 737 2466 portum
763 2389 963 2468 confugisset,
995 2411 1060 2449 cum
1085 2391 1175 2450 Musis

177 2513 230 2568 per
263 2513 405 2550 summum
439 2496 530 2550 otium
554 2505 685 2550 acturum
712 2509 741 2550 se
769 2506 948 2569 conceperat.
975 2493 1084 2551 'Verum
1110 2515 1175 2553 ecce

178 2597 257 2653 Galli
273 2595 361 2670 patrib
381 2607 448 2671 post
467 2599 546 2655 Duce
565 2597 714 2652 Lutreclzio
743 2597 797 2652 sub
817 2595 938 2671 speciem
959 2597 1070 2654 serendi
1090 2600 1174 2656 auxi·

176 2699 245 2753 lium
261 2699 399 2755 Clementi
414 2699 443 2753 in
462 2697 607 2755 Hadn'ani
616 2701 690 2754 mole
704 2700 740 2754 ab
756 2699 894 2775 Hisponis
909 2702 1025 2756 obsesso
1037 2701 1174 2757 Parmam

175 2799 394 2876 ingrediuntur,
431 2802 524 2876 deque
556 2819 590 2856 ea
614 2799 802 2875 opprimenda
829 2801 898 2858 dum
930 2802 1075 2878 cogitant,
1105 2805 1180 2864 dum,

175 2919 274 2958 causus
299 2905 482 2977 quaeritantes
514 2915 541 2958 et
571 2903 668 2973 bunc,
698 2915 726 2959 et
756 2905 860 2975 illum,
894 2917 980 2979 atque
1009 2906 1174 2962 uniuersam

176 3003 300 3078 denique
329 2998 473 3060 ciuitatem
495 3005 573 3060 omni
594 3005 799 3062 calumniarum
820 3026 922 3082 genere
941 3021 1172 3082 persequuntur,

176 3123 211 3163 eo
233 3107 351 3162 consilio
371 3149 379 3177 ,
411 3115 443 3163 ut
463 3109 584 3164 excitato
602 3121 655 3182 per
674 3105 750 3164 ciues
771 3111 921 3178 tumultu,
951 3110 974 3164 si
994 3111 1058 3184 quis
1077 3111 1171 3185 impu-

177 3207 295 3264 tieutior
317 3209 437 3280 luisset,
459 3211 547 3284 quim
567 3209 685 3285 indigna
701 3211 748 3264 illa
768 3209 842 3265 ferre
865 3221 984 3285 posset,
1005 3212 1100 3286 aliqua
1119 3233 1173 3286 per

175 3312 276 3367 urbem
303 3313 437 3369 saeuiendi
457 3314 575 3368 daretur
596 3313 716 3370 occasio.
749 3311 841 3388 igitur
866 3314 916 3387 qui
940 3315 1018 3388 apud
1042 3315 1170 3371 Christo-

170 3414 294 3488 phorum
323 3415 447 3489 hospitio
479 3425 626 3490 susceptus
654 3427 736 3484 erat,
767 3411 978 3490 liberaliterque
1010 3418 1169 3486 tractatus,

174 3515 382 3590 impurissimus
405 3517 449 3572 vir
475 3515 643 3574 beneficium
665 3517 809 3592 hospitem
831 3517 901 3572 furti
926 3518 979 3574 sibi
1002 3519 1069 3574 facti
1097 3519 1168 3574 insi-

175 3620 316 3690 mulauit,
342 3619 683 3695 adeoquepertinaciter
703 3620 788 3676 nullis
807 3619 917 3677 indiciis
939 3634 1020 3677 reum
1036 3622 1115 3695 egit,
1136 3632 1168 3676 ut

146 3761 148 3768 ι
176 3739 241 3777 eum
262 3724 392 3797 torqueri
413 3724 498 3778 etiarn
518 3741 618 3797 passus
641 3725 690 3794 sit,
719 3725 828 3779 ciuibus
849 3723 1000 3794 omnibns,
1030 3723 1080 3798 qui
1099 3742 1167 3799 pro·
1245 3737 1253 3758 ‘

174 3824 292 3879 bitatem
322 3826 445 3880 hominis
480 3837 649 3894 nouerant,
680 3843 742 3880 eam
775 3803 908 3881 iniuriam
939 3822 1163 3900 deplorantibus.

175 3927 282 3982 AEstate
313 3947 380 3982 mox
404 3928 534 4001 sequenti
560 3928 692 4002 epidimia
711 3929 741 3982 iu
766 3929 935 3984 Parmenses
956 3929 1163 3998 debacchante,

174 4007 343 4104 contagione
365 4047 397 4086 ea
418 4031 545 4085 sublatus
560 4041 619 4101 est,
638 4029 921 4105 quodque'omnium
943 4031 1164 4088 infelicissimum

174 4129 249 4201 suit,
275 4133 380 4206 scripta
406 4133 486 4202 eius,
517 4149 640 4206 quorum
669 4135 744 4189 bona
769 4153 835 4207 pars
864 4135 973 4188 victura
998 4134 1084 4202 crat,
1105 4134 1162 4190 uni

1030 4257 1044 4307 7
