3186 5166
446 531 448 536 Δ
464 443 531 514 106

538 589 582 643 via
611 589 750 642 tutissima
780 581 943 642 os'tenditur.
977 585 1104 642 Authore
1135 585 1292 664 Theophili>
1319 589 1457 663 Spizelio.

536 694 575 747 D.
589 693 623 746 V.
634 694 661 745 I.
674 691 712 745 E.
723 691 760 748 A.
772 691 817 744 M.
828 673 965 762 Augrustoe
982 675 1205 758 Vindelicorum,
1221 684 1302 764 apud
1313 691 1460 765 Theophi-
1555 707 1556 710 ’

537 796 594 850 lum
610 792 792 859 Goebelium,
814 791 916 846 Literis
929 792 1201 867 Koppmayerinnis.
1212 792 1458 863 MDCLXXVI,
1555 797 1556 800 ’

450 953 452 957 ,
538 897 603 964 8.⁰,
617 916 672 969 pp.
694 911 777 967 1²⁰9·

461 1015 487 1054 2.
508 995 617 1070 Insolic·
636 997 779 1052 Literatus
805 995 973 1070 labyrinthis
996 1007 1025 1050 et
1049 996 1169 1050 miseriis
1187 997 1245 1051 suis
1268 1016 1336 1051 eura
1349 1009 1456 1072 poste-

535 1101 605 1155 riori
622 1085 751 1173 ereptus,
773 1110 802 1154 et
820 1101 862 1153 ud
878 1117 1020 1173 supremoe
1039 1099 1137 1154 salutis
1156 1099 1329 1154 domicilium
1347 1103 1457 1156 deduc-

525 1207 597 1270 tus,
620 1202 735 1258 sloede
759 1203 821 1256 vito
842 1213 870 1256 et
889 1199 1012 1254 moribus
1028 1200 1215 1255 Literotorum
1237 1199 1457 1274 Commonesac-

535 1307 624 1360 tiones
640 1324 727 1360 novoe
747 1305 885 1360 Historico
896 1336 911 1346 -
924 1303 1147 1377 Theosophicoe,
1169 1304 1269 1377 quibus
1287 1307 1455 1378 mysterium

534 1405 714 1478 Infelicitotis
731 1407 896 1475 literarioe,
918 1417 1102 1485 extremaque
1114 1405 1239 1460 vitiorum
1251 1406 1455 1463 doctoshomi-

534 1529 584 1565 nes
607 1506 807 1580 insinuantium
820 1509 963 1582 pernicies
982 1509 1140 1582 expressius
1152 1509 1309 1581 detegitur,
1326 1521 1454 1584 proeter·

534 1614 620 1667 missa
630 1653 642 1680 ,
672 1613 701 1666 in
722 1629 806 1686 opere
821 1612 958 1666 anteriori
974 1614 1107 1685 enenqua
1129 1623 1157 1667 et
1177 1613 1346 1666 documento
1363 1613 1452 1668 exhi-

490 1731 492 1736 *
534 1717 650 1782 lrentur,
681 1725 767 1788 atque
796 1714 911 1770 eruditis
934 1716 1017 1788 culpa
1041 1733 1094 1768 sun
1121 1716 1308 1784 aerumnosis,
1335 1716 1379 1769 ria
1408 1717 1454 1770 ad
1521 1787 1530 1814 1

534 1837 614 1873 oeroe
642 1817 820 1871 beatitudinis
844 1827 978 1890 portum,
1001 1834 1109 1870 necnon
1136 1817 1210 1870 ratio
1237 1816 1451 1890 expeditissima

532 1922 702 1994 copulandos²
721 1938 783 1973 cum
804 1919 933 1973 doctrino
951 1917 1129 1972 eminentiori
1134 1918 1259 1972 uirtutis
1271 1919 1377 1998 solidos
1398 1939 1449 1974 os-

532 2021 671 2079 tenditur.¹
687 2021 814 2078 Authore
841 2019 997 2094 Theophilo
1016 2019 1149 2092 Spizelio.
1181 2023 1320 2094 Augustoe
1340 2022 1449 2078 Vinde-

531 2128 658 2194 thorum,
677 2125 756 2199 apud
771 2122 957 2196 Theophilum
977 2121 1137 2177 Goebeliurn
1145 2163 1155 2190 ,
1177 2122 1447 2197 Koppmayerianis.

532 2223 760 2304 MDCLXXXU,
782 2226 847 2292 89,
865 2245 916 2298 pp.
943 2243 1025 2298 1199.

453 2331 480 2390 3.
503 2333 646 2387 Litcrotus
661 2329 868 2394 Felieissimis,
895 2347 985 2382 socroe
1007 2331 1173 2383 Metanoeae
1189 2331 1369 2402 proselytus,·
1388 2331 1448 2386 sive

512 2453 514 2459 ’
530 2435 566 2488 de
587 2431 765 2487 conversione
787 2429 977 2485 Literatorum
993 2431 1240 2500 Commentarius,
1256 2433 1365 2486 selectis
1377 2435 1447 2488 cloc-

530 2547 621 2590 torum
644 2540 794 2606 ueterum,
824 2533 1045 2607 scriptorumque
1067 2533 1315 2588 ecclesiasticorum
1332 2553 1444 2590 monu-

528 2637 653 2704 mentis,
674 2655 726 2691 nce
748 2653 805 2689 non
829 2635 1017 2708 singularibus
1041 2653 1237 2689 conversorum·
1253 2636 1444 2693 Literutorum

529 2737 666 2811 ecemplis
703 2749 733 2791 et
768 2735 891 2790 historiis
923 2737 1086 2791 illustratus.
1119 2718 1250 2792 'Authore
1286 2738 1445 2812 Theophilo

529 2839 662 2912 Spiz'elio.
679 2838 803 2893 Accessit
816 2838 941 2908 ejusdem
952 2838 1022 2910 pius
1035 2837 1158 2892 Literati
1166 2837 1288 2893 hominis
1306 2859 1443 2910 secessus,

529 2961 591 2996 cum
610 2941 938 2996 incidibus'necessoriis.
957 2944 1095 3013 Augustoe
1118 2941 1325 2996 Vindelicorum
1334 2983 1345 3010 ,
1365 2945 1448 3016 apud

530 3045 667 3099 Hoeredes
702 3043 853 3118 Theophili
885 3042 1027 3112 Gocbelii,
1056 3043 1142 3097 literis
1173 3045 1443 3118 Koppmayen'ams.

531 3147 783 3215 MDCLXXXV,
805 3146 866 3212 8.⁰,
885 3165 941 3218 pp.
970 3146 1054 3200 1132.

753 3381 758 3398 ¹
810 3375 1066 3404 -Φ-

498 3565 574 3634 The
590 3563 731 3635 Reader
754 3563 827 3633 will
845 3561 1001 3659 perhaps
1020 3561 1125 3632 deem
1150 3562 1178 3630 it
1195 3563 1341 3631 curious
1365 3558 1441 3629 and

451 3682 569 3754 nseful
594 3698 632 3754 to
657 3683 747 3754 have
776 3682 837 3753 the
862 3683 937 3752 List
962 3679 1004 3750 of
1031 3683 1091 3754 the
1116 3680 1275 3770 Authors
1302 3680 1349 3752 he
1372 3679 1442 3750 has

451 3804 659 3876 noticed'in
682 3804 739 3875 his
763 3802 843 3874 first
866 3797 1043 3890 volume*

840 4055 1048 4078 autunum·
