3202 5168
361 411 593 473 errrntroanu
614 411 830 468 lsrnarcrrara.
870 407 933 466 llb-
956 411 979 465 1.
1136 403 1169 464 13

174 537 253 594 mum
271 535 455 595 acerbitatem
475 549 543 593 tunc
560 549 694 612 expertas
709 549 771 608 cst,
792 538 863 593 cbm‘
875 535 1027 612 repentino
1045 535 1083 591 de
1102 535 1170 591 caelo

175 653 267 699 tactus
285 640 403 697 fulmine
421 639 595 697 vestimentis
610 641 650 696 ob
664 659 696 697 os
716 640 858 711 incensis,
878 639 917 696 ita
929 639 1044 696 territus
1064 649 1120 708 est,
1137 649 1170 716 nt

172 764 276 822 parum
299 743 441 814 abfuerit,
461 743 533 818 quin
555 743 788 818 extingueretur3
811 729 987 818 paulb'post
1009 739 1170 817 pestilentia

173 849 222 902 illa
245 858 415 921 correptus,
446 865 509 920 qun
536 865 602 901 cum
630 845 759 902 Adriano
787 849 873 904 Sexto
896 839 1023 902 'aduecta
1048 846 1170 900 Romam

173 950 294 1020 invasit,
314 950 357 1005 uti
375 949 515 1006 eiusmodi
539 948 569 1003 in
591 948 763 1024 contagione
783 947 846 1004 lieri
862 949 954 1018 solet,
984 947 1001 1003 a
1019 947 1170 1003 clientibus

173 1052 308 1109 omnibus
334 1052 506 1121 derelictus,
535 1050 620 1106 unius
646 1049 910 1114 Benedmti‚fratris
941 1051 1090 1127 germani,
1119 1049 1170 1124 qni

175 1174 252 1211 nunc
279 1155 412 1211 sacerdos
436 1155 595 1211 cardinalis
618 1166 660 1210 est
672 1195 681 1224 ,
705 1172 777 1230 ope,
803 1165 831 1210 et
853 1153 949 1210 officio
975 1165 1168 1224 sustentatus,

176 1258 226 1332 qui
246 1258 382 1334 pietatem
406 1277 473 1334 erga
496 1258 632 1327 fratrem,
662 1257 758 1314 multis
787 1257 891 1314 abhinc
921 1257 1029 1313 saeculis
1058 1257 1172 1314 rarissi-

174 1378 270 1429 mam,
290 1359 454 1436 professus,
476 1362 545 1418 dnm
569 1361 632 1434 ejus
656 1359 791 1416 morbum
813 1359 871 1416 suis
896 1359 1017 1436 ipsemet
1037 1359 1169 1417 manibus

175 1475 277 1533 curat,
302 1463 397 1519 cibum
427 1463 587 1534 ministrat,
617 1461 761 1520 ulceribus
793 1463 951 1533 medetur,
982 1463 1081 1519 eadem
1108 1463 1169 1538 ipse

176 1585 293 1640 quoque
315 1585 382 1622 mox
400 1579 480 1642 peste
500 1578 667 1636 contactus,
696 1585 846 1640 nunquam
872 1566 1026 1624 absterreri
1050 1565 1169 1640 potuit,

175 1669 246 1742 quin
268 1687 385 1744 operam
397 1669 438 1724 illi
452 1669 595 1726 assiduam
607 1679 748 1739 nauaret,
766 1668 917 1726 Francisco
934 1669 1068 1744 precibus
1088 1668 1171 1724 iden-

175 1773 263 1828 tidem
283 1773 474 1847 deposcente,
492 1784 525 1828 ut
542 1771 711 1841 absisteret,
730 1771 853 1846 vitaeque
874 1773 921 1828 ille
944 1791 1001 1828 suae
1020 1782 1170 1848 parceret,

172 1875 289 1949 quando
313 1875 374 1950 ipse
392 1894 507 1932 omnem
527 1875 625 1932 salutis
640 1893 720 1950 spem
741 1875 907 1948 abjecissem
928 1875 1058 1932 saeviente
1075 1887 1171 1932 autem

170 1979 274 2034 morbo
297 1996 456 2054 paucorum
485 1979 596 2034 dierum
624 1979 774 2034 intervallo
797 1967 984 2054 peremptus,
1013 1996 1169 2053 maguam,

171 2067 234 2154 quae
259 2082 296 2137 de
317 2080 450 2155 profectu
473 2080 536 2154 ejus
565 2081 686 2136 excitata
719 2091 809 2151 crat,
844 2099 924 2157 spem
949 2100 1014 2137 cum
1042 2081 1172 2136 omnium

170 2202 290 2240 maerore
308 2183 417 2240 fefellit.

214 2288 251 2342 Et
276 2297 309 2342 ut
341 2286 358 2342 a
385 2296 487 2342 nostro
505 2286 631 2362 ¹demum
663 2287 764 2343 ordine
794 2287 963 2344 recedamus
982 2265 1003 2358 ’.
1021 2304 1172 2362 nunquam

171 2384 303 2447 An'ro'rur
329 2391 496 2446 Manosrrcr
518 2390 578 2445 sine
601 2391 702 2447 dolore
721 2383 948 2468 meminerimus,
968 2409 1053 2465 quem
1066 2401 1170 2464 *restra
1204 2393 1327 2473 ,littonias

171 2493 332 2548 Contarene
349 2489 482 2568 regio'ad
497 2511 550 2548 nos
570 2493 705 2563 miserat,
723 2511 810 2568 quem
828 2494 965 2563 Colotius,
987 2510 1072 2567 quem
1088 2491 1168 2549 docti
1203 2462 1327 2579 {ff'u'

171 2613 270 2652 omnes
291 2597 388 2651 Romae
414 2606 442 2651 et
463 2597 599 2652 amabant
611 2613 622 2665 ,¹
644 2606 672 2651 ct
690 2592 916 2652 vver'rerabantur.
942 2597 972 2652 Is
995 2596 1066 2651 dum
1091 2596 1171 2670 apud

176 2698 358 2754 Cardenalem
377 2699 514 2754 Pisanum
534 2698 565 2752 in
585 2697 696 2754 bonore
715 2699 857 2770 babetur,
876 2709 904 2754 et
923 2698 974 2754 diu
992 2709 1171 2774 expectatam

171 2799 272 2856 studiis
286 2799 350 2856 'suis
371 2797 496 2875 quietem
514 2801 652 2875 jamjam
668 2819 698 2857 se
717 2801 841 2858 somniat
858 2811 1040 2872 assecutum,
1062 2820 1169 2877 repen-

171 2901 230 2957 tina
252 2902 398 2976 epidemiae
418 2903 589 2978 contagione
608 2915 759 2980 correptus
782 2905 830 2960 vix
853 2904 981 2960 triduum
1004 2916 1085 2960 tauto
1107 2903 1169 2960 sul·

170 3005 237 3061 lecit
255 3005 402 3062 cruciatui.
419 3009 553 3063 Mortuus
570 3006 659 3082 igitur
674 3025 709 3064 eo
727 3008 834 3077 modo,
855 3009 890 3064 eb
914 3005 1064 3064 afflictiore
1081 3009 1170 3082 quam
1241 2989 1249 3007 i

171 3108 265 3163 caeteri
290 3107 456 3164 conditione
481 3108 562 3179 suit,
590 3109 670 3184 quod
697 3111 835 3185 pleraque
862 3110 922 3166 eius
950 3109 1073 3184 scripta,
1106 3128 1169 3184 quas

170 3209 259 3266 vitam
281 3211 322 3266 illi
340 3211 430 3268 dubio
444 3214 546 3286 procul
570 3223 738 3286 reparatura
765 3224 867 3284 erant,
893 3213 952 3268 unit
974 3232 1039 3270 cum
1058 3214 1169 3288 reliquo

170 3311 361 3370 instrumento
375 3327 555 3371 concremata
568 3327 651 3386 sunt,
672 3326 706 3370 ut
722 3315 810 3372 moris
824 3327 882 3387 est,
899 3317 937 3372 ad
953 3316 1170 3398 expurgandam

172 3415 266 3472 morbi
283 3413 342 3472 eius
360 3429 520 3493 contagem.

210 3515 377 3574 lionamcus
403 3520 473 3575 verb
503 3522 666 3576 Lustratur
696 3539 811 3576 summae
832 3519 950 3594 jubenis
977 3521 1168 3593 eruditionis,
1193 3515 1328 3594 Reflssr'l'fflt

171 3621 438 3676 Mathematicarum
460 3621 683 3692 scientissimus,
708 3641 780 3698 quas
800 3642 861 3679 non
879 3635 912 3680 ut
930 3625 1012 3680 multi
1029 3624 1167 3696 barbare,
1180 3581 1317 3634 Imm*

172 3723 221 3779 sed
243 3724 288 3778 vel
309 3727 421 3794 Graece,
443 3726 489 3780 vel
510 3725 630 3796 Latine,
661 3726 749 3810 idque
776 3727 988 3803 castigatissime
1008 3725 1166 3801 profiteba-

171 3825 245 3896 tur,
266 3825 344 3898 mirae
364 3845 484 3902 prorsus
505 3827 536 3881 in
561 3828 693 3884 docendo
718 3829 914 3899 dexteritatis,
941 3841 970 3884 et
993 3815 1166 3906 diligentiae,

170 3926 356 4002 isAEgtdium
382 3929 564 3985 Cardenalem
594 3929 624 3985 in
645 3912 797 4006 Hispaniis¹
819 3943 942 4003 nactus,
959 3932 1028 4006 'qui
1057 3934 1167 4008 magnis

172 4030 209 4086 de
232 4025 319 4086 rebus
347 4032 384 4088 ad
409 4033 545 4088 Carolum
570 4035 778 4108 Imperatorem
799 4054 853 4109 pro
880 4035 1042 4092 Christiana
1060 4036 1167 4110 pietate

173 4133 273 4192 missus
286 4133 405 4208 luerat,
424 4134 603 4193 rarissimam
621 4136 745 4195 hominis
764 4137 979 4210 eruditionem,
1000 4121 1032 4196 ¹et
1055 4138 1167 4214 sapien-
