3186 5166
360 383 595 436 errsxsroxun
616 378 833 432 Iussucrrsrs.
876 372 939 429 Lib.
962 374 1015 429 ΠΗ
1130 365 1169 431 77

173 525 231 582 qne
246 505 433 581 ingruissent,
454 522 514 560 non
530 501 727 578 affligeretur,
744 501 844 557 contri
862 501 993 557 secundis
1011 519 1071 556 uon
1091 483 1169 556 exul—

172 620 257 666 taret.
276 611 396 664 Marcus
417 609 522 664 Tullius
539 605 630 663 multa
647 605 764 680 quidem
775 585 933 679 preclare,
951 615 980 659 et
999 603 1112 680 egregie
1131 605 1169 660 'do

172 711 329 787 patientia,
353 711 389 767 de
412 721 579 784 contemptu
603 709 730 779 aduersa
753 689 875 762 fortunae
898 708 1046 781 disputare
1074 726 1168 763 noue-

172 814 373 880 rat.1Exilium
398 825 494 868 tamen
516 813 587 868 illud
613 830 696 868 suum
716 809 824 884 ubique
848 809 1006 866 diutissime
1026 809 1169 885 deplorat,

173 909 271 973 etsui
296 916 432 992 temporis
459 917 619 973 calamitate
645 913 828 972 lamentanda
857 913 971 984 mollis,
999 924 1027 968 et
1058 931 1168 990 prope-

173 1019 292 1074 modum
314 1018 500 1074 efloeminatus
522 1029 649 1092 apparet.
680 1011 805 1088 Ulyaes,
829 1015 879 1090 qui
902 1016 939 1072 ab
964 1014 1088 1072 Homero
1114 1037 1169 1104 pro

173 1112 327 1195 exemplari
346 1121 480 1191 virtutis,
495 1131 539 1174 -et
563 1118 706 1194 sapientiae
729 1118 925 1194 proponitur,
952 1103 1037 1175 toties
1061 1120 1170 1176 itineris

172 1224 217 1279 sui
236 1215 437 1294 difficultates,
458 1239 656 1294 aerumnasque
675 1221 769 1277 varias
786 1221 967 1278 acerbissima
990 1223 1169 1296 querimonia

172 1319 268 1382 deflet.
287 1319 393 1381 AEiteas
414 1345 474 1399 quo
490 1311 558 1380 'non
585 1323 689 1380 fortior
700 1365 709 1394 ,
737 1305 832 1398 neque
857 1325 1035 1381 constantior
1060 1327 1133 1382 alter
1153 1326 1170 1382 ai

172 1431 298 1484 Maroae
328 1420 529 1505 describitur,
563 1426 636 1502 saepi
669 1415 766 1481 tamen
797 1428 887 1482 altram
916 1427 1004 1483 corde
1038 1409 1169 1484 dolorem

130 1573 134 1581 s
171 1516 293 1604 premit,
314 1532 387 1605 sape
407 1530 483 1586 idem
502 1531 611 1586 irarum
631 1527 751 1585 fluctuat
779 1539 867 1598 aestu,
895 1541 923 1586 et
941 1531 1073 1586 humanae
1098 1550 1170 1587 eou-

170 1634 288 1690 ditionis
312 1625 495 1690 incommoda
517 1622 645 1688 humano
669 1625 750 1689 more
778 1633 954 1708 conspicitur
973 1628 1167 1709 ingemiscere.

171 1739 269 1807 Quare
291 1730 366 1792 non'
382 1736 513 1792 humanis
542 1735 655 1791 moueri
684 1726 817 1805 casibus,
846 1735 931 1790 ferini
955 1719 1009 1810 ego
1036 1735 1169 1812 ingenij,

171 1830 229 1894 irriti
250 1838 342 1907 saxei,
365 1850 393 1894 et
411 1838 490 1893 omni
511 1857 596 1894 sensu
617 1838 738 1894 careatis
758 1856 818 1894 esse
836 1838 1001 1910 judicarim.
1017 1841 1083 1895 Haec
1105 1841 1170 1895 eirm

172 1939 320 2010 dixissem,
337 1952 365 1996 et
380 1940 537 1996 ridibundo
552 1939 646 1995 fateor
661 1939 744 1994 vultu
759 1957 856 1994 omnes
869 1939 899 1994 ia
914 1939 1015 1996 faciem
1031 1941 1168 2012 intuerer,

172 2037 357 2116 utrum'quae
379 2042 527 2113 dixeram,
551 2033 806 2117 approbarentur,
833 2061 950 2113 necne,
989 2043 1094 2102 scilicet
1117 2029 1169 2100 ex-

172 2158 307 2220 pectens,
331 2147 423 2202 faetus
442 2146 518 2202 enim
542 2139 620 2201 eram
642 2147 697 2201 hac
717 2145 842 2202 dictione
865 2136 1038 2221 gloriosior,
1064 2148 1170 2207 Conta-

172 2269 256 2312 reaus
289 2249 328 2306 sie
357 2251 476 2325 excepit.
511 2251 602 2324 Atqui
628 2249 683 2306 mi·
699 2250 807 2319 Coloti,
837 2267 931 2325 neque
965 2268 1018 2324 ego
1030 2291 1041 2332 7
1073 2270 1169 2325 neque

173 2371 274 2408 eorum
294 2352 446 2428 quisquam
466 2353 594 2428 quilaspl
613 2343 656 2421 Ιτιῖς
676 2351 834 2420 α’ναγγησίας
854 2352 1069 2422 disseruerunt,
1081 2335 1170 2409 'cala-

172 2451 284 2511 mitates
305 2447 340 2511 eo
351 2467 465 2530 ponunt
480 2454 592 2530 gradu,
613 2467 647 2511 ut
669 2456 725 2511 sint
744 2457 780 2511 ab
796 2454 960 2528 hominibus
977 2451 1168 2530 appetendae,

173 2575 220 2614 eas
243 2545 338 2614 tamen
359 2559 422 2614 erim
440 2548 622 2634 ingruerint,
648 2560 709 2615 aliis
730 2558 881 2628 exitiosas,
904 2559 965 2620 aliis
986 2578 1047 2614 non
1069 2560 1170 2614 admo-

172 2659 241 2734 dum
264 2651 366 2737 graues
390 2681 450 2718 esse
471 2661 610 2733 dicimus,
633 2660 742 2718 etiamsi
763 2661 827 2736 pari
849 2661 924 2732 lines
947 2674 1143 2738 exaequentur.

196 2765 269 2845 ,Sed
289 2760 380 2819 'arnum
404 2765 486 2820 vohis
510 2765 630 2821 afferam
646 2767 807 2840 exemplum
830 2765 894 2824 ritae
914 2753 950 2820 ¹in
971 2765 1065 2834 omni,
1100 2765 1167 2821 diu-

173 2877 318 2940 turnoque
332 2868 431 2924 labore
448 2869 687 2944 tranquillissimae
709 2871 856 2926 Uariana
874 2871 1069 2928 Vsssxriuum
1091 2872 1166 2924 Bes·
1206 2883 1332 2942 Urbanus,

1180 2949 1305 3002 Bolzanm

165 3082 320 3146 ‚quotquot
344 3075 468 3128 Veneriis
490 3074 683 3148 profecimus,
707 3093 768 3129 non
793 3086 851 3130 tam
871 3075 1031 3130 litterarum
1052 3077 1166 3133 Graeea-
1180 3017 1301 3134 fiplluraen

172 2987 341 3052 Lunensem,
370 2972 579 3026 Minoritaaum
598 2972 791 3042 sacerdotem,
818 2990 903 3045 quem
916 2991 969 3027 nos
984 2971 1044 3029 lere
1059 2990 1167 3041 omnes,

173 3191 238 3228 rum
257 3186 463 3248 praeceptorem
486 3175 655 3246 habuimus,
684 3177 735 3253 sed
759 3187 787 3231 et
813 3178 971 3250 tranquilla
990 3177 1077 3248 liujus
1104 3177 1168 3231 vitae

173 3274 349 3330 rarissimum
365 3277 543 3351 exemplum,
575 3297 635 3350 quo
660 3279 868 3333 admoneamur
901 3279 931 3332 in
955 3297 1043 3334 manu
1069 3290 1168 3354 nostra

172 3375 317 3450 positum,
333 3383 434 3434 utrum'
456 3379 622 3451 laboribus,
648 3391 676 3435 et
695 3379 758 3452 alijs
779 3379 967 3436 incommodis
977 3399 1093 3437 maerere
1100 3422 1108 3453 ,
1130 3377 1167 3436 an

174 3479 310 3535 delectari
341 3481 469 3538 velimus.
496 3483 526 3539 Si
556 3483 620 3556 quis
651 3482 726 3537 enim
759 3483 1021 3558 peregrinationem
1052 3481 1166 3539 omnem

173 3592 202 3636 et
232 3582 385 3653 miseram,
412 3565 440 3638 et
466 3583 623 3659 ignobilem
651 3603 711 3640 esse
735 3585 855 3655 dixerit,
899 3586 986 3660 qu'am
1008 3586 1094 3642 miser
1120 3587 1177 3642 hie·

173 3696 235 3740 toto
265 3686 329 3740 vitae
348 3705 434 3741 cursu
454 3686 567 3756 luisset,
598 3689 668 3761 qui,
700 3700 735 3743 ut
756 3689 864 3744 litteras
890 3665 956 3759 eas,
985 3707 1056 3763 quas
1086 3700 1167 3768 post-

173 3788 292 3851 modum
317 3789 354 3843 ad
375 3791 530 3869 extremam
554 3783 652 3864 usque
668 3791 743 3846 diem
763 3781 888 3859 docuit,¹
916 3811 968 3866 per
1002 3791 1167 3848 universum

172 3889 232 3946 fere
266 3901 409 3950 terrarum
443 3893 544 3946 orbem
577 3893 708 3966 quaesitas
737 3895 855 3969 longis,
890 3906 918 3950 et
949 3895 1099 3951 laboriosis
1129 3896 1167 3950 ad
1202 3899 1203 3902 ’
1241 3921 1245 3930 ’

172 4011 225 4048 nos
252 3994 532 4068 peregrinationibus
553 3997 723 4070 reportauit.
745 3997 813 4052 Non
833 3989 879 4052 ille
904 3999 1076 4074 AEgyplum,
1107 4017 1167 4054 non
1202 3977 1204 3982 Ι

155 4095 369 4176 ¹Palaestinam,
385 4116 456 4152 non
477 4097 614 4154 Arabiam
642 4110 670 4154 et
690 4101 812 4174 Synam,
836 4119 907 4176 quas
933 4090 993 4156 non
1013 4103 1058 4156 sel
1078 4102 1179 4176 pedes
