3202 5168
371 419 603 476 erransroauu
623 423 839 479 Inrnnrctrsra.
879 423 941 480 Lib.
964 427 987 480 l.
1108 421 1175 482 '11

182 543 260 602 taciti
280 544 514 618 meditabantur,
544 557 655 606 tantum
678 548 821 624 talemque
846 550 1014 610 Pontificem
1039 553 1081 612 ad
1104 553 1178 612 bend

183 649 220 704 de
247 649 381 705 uniuerso
410 649 536 706 humano
566 670 671 727 genere
696 642 920 728 pmmercndun
932 697 941 726 ,
962 629 1115 732 modun,
1142 675 1180 714 eo

182 751 246 826 ipso
276 763 406 826 tempore
433 753 624 829 interceptum
657 754 859 830 suspirantes,
886 777 948 832 quo
976 760 999 816 si
1030 761 1179 836 pauluiu

184 853 405 930 superuixisset,
439 854 520 914 facile
554 857 683 916 omnium
709 858 850 916 desideria
873 849 972 918 fuerat
993 863 1180 938 expleturus,

186 957 251 1014 ciem
285 961 395 1014 Pontio
426 970 527 1016 nactus
564 978 600 1016 ex
631 959 761 1018 omnium
787 961 902 1020 edentia
931 964 1111 1022 occasionem
1139 965 1181 1024 ita
1234 947 1238 958 ¹

186 1059 316 1133 subjecit.
839 1051 842 1059 ’

224 1167 343 1222 Poterat
359 1163 478 1238 quidem
495 1166 595 1222 mant
613 1183 676 1222 sors
695 1167 800 1224 honri
820 1167 949 1238 Decimi,
973 1169 997 1226 si
1014 1167 1079 1243 quis
1100 1171 1182 1246 seque

186 1284 248 1326 rem
271 1267 454 1342 perpendat,
475 1267 729 1343 locupletissimum
746 1268 877 1327 bumana
896 1269 1067 1328 infelicitatis
1087 1291 1182 1330 uem-

186 1371 267 1446 plum
293 1387 371 1440 esse,
403 1369 454 1427 sed
482 1381 532 1426 tua
552 1371 611 1426 lucc
639 1367 810 1430 Pontificum
832 1383 876 1429 tot
902 1384 961 1431 tam
984 1393 1181 1446 summorum,

186 1473 276 1548 quim
287 1472 456 1530 inferiorum
469 1473 702 1530 commemoratio
718 1475 870 1534 admonuit
888 1479 1015 1534 meister
1030 1480 1183 1548 Quinqua-

187 1594 384 1656 nccnnstansts
398 1579 588 1647 Anrrsrtrrs,
606 1597 693 1652 quem
712 1577 780 1656 quia
800 1578 882 1636 vobis
899 1580 1030 1656 ignotum
1043 1581 1183 1650 arbitror,

188 1678 239 1754 qui
257 1698 303 1735 res
323 1681 505 1736 Pannonicas
525 1681 604 1738 haud
623 1681 662 1738 ita
684 1681 760 1739 forti
786 1682 974 1754 curaueritis,
998 1684 1067 1758 quia
1088 1695 1184 1740 tamen

186 1781 277 1868 isvir
297 1782 454 1840 admodirm
476 1783 587 1858 probus
612 1784 686 1856 fuit,
706 1797 734 1841 et
757 1785 918 1842 litterarum
939 1785 1133 1862 principatum
1154 1786 1185 1844 in

185 1901 222 1960 ea
237 1885 391 1942 Prouincia
413 1887 526 1957 tenuit,
550 1887 630 1962 qnod
654 1887 723 1942 mihi
745 1887 894 1962 superiore
914 1888 1056 1965 legatione
1081 1907 1145 1946 mea
1168 1890 1186 1948 i

186 1990 287 2044 Leoroe
308 1989 427 2045 Decim
453 1990 625 2047 demandata
652 1989 720 2047 satis
748 1991 928 2064 exploratum
954 1967 1019 2061 est,
1046 1992 1186 2069 insignem

190 2091 335 2166 quandam
358 2093 481 2148 hominis
510 2093 699 2150 calamitatem
720 2092 840 2151 recitare
866 2092 883 2148 ia
908 2093 1068 2163 sermonis,
1099 2113 1186 2168 quem

185 2195 247 2266 iem
268 2194 491 2266 inchoamus,
516 2195 589 2252 serie
610 2195 734 2254 alienum
754 2213 815 2266 non
836 2195 899 2255 erit.
929 2195 1008 2252 Nihil
1028 2196 1106 2254 enim
1126 2198 1187 2254 eius
1274 2256 1277 2262 ,

186 2309 285 2384 Γηιοησε
312 2298 519 2369 miserabilius,
547 2298 618 2354 nihil
640 2299 702 2373 ejus
723 2298 840 2356 fortuna
866 2298 921 2356 fuit
941 2318 1071 2373 unquam
1093 2299 1188 2356 infeli-

191 2377 260 2458 cius.
286 2401 406 2476 Quippe
437 2401 461 2460 is
489 2402 591 2460 latium
621 2402 730 2458 litteras
762 2400 955 2476 acquisiturus
985 2402 1022 2457 ab
1054 2402 1188 2460 extremis

191 2522 282 2580 usque
303 2503 461 2577 Pannonijs
479 2504 508 2560 in
532 2505 645 2561 Italiam
669 2504 895 2580 transmigrauit,
916 2506 1073 2564 Guarinum
1096 2507 1187 2562 Vero·
1234 2499 1338 2578 lanus·

190 2627 305 2667 nentem
326 2626 385 2664 aon
406 2607 579 2664 incelebrem
608 2626 643 2664 eo
666 2620 795 2683 tempore
821 2609 1045 2666 Grammaticum
1068 2621 1188 2679 nactus,
1218 2567 1349 2684 aqum·

191 2710 246 2766 sub
268 2728 303 2766 eo
331 2711 372 2766 ita
391 2710 536 2784 profecit,
565 2722 598 2766 ut
628 2711 783 2788 elegiarum
806 2711 930 2786 scriptor
954 2732 1015 2768 non
1044 2712 1190 2788 inelegans

186 2813 365 2900 baberetur,
382 2813 412 2872 in
426 2813 550 2888 patriam
564 2814 679 2888 demum
697 2815 734 2870 ad
749 2813 908 2874 Maeuiam
921 2815 1083 2871 Pannoniae
1095 2833 1190 2891 regem

191 2935 222 2974 se
246 2916 368 2976 contulit
379 2956 389 2985 ,
406 2915 563 2994 paucisque
585 2927 652 2991 post
674 2917 777 2972 diebus
798 2915 1045 2986 beneficentissimi
1063 2918 1093 2974 in
1115 2920 1192 2976 litte-

192 3031 270 3078 ratos
293 3037 391 3076 omnes
409 3021 494 3097 Regis
513 3031 583 3076 voto
608 3021 881 3096 Quinquecelesiensi
900 3032 944 3076 est
968 3022 1090 3078 ecclcsiae
1114 3041 1191 3097 prae-

192 3121 292 3181 fectus.
336 3123 392 3180 Sed
427 3122 527 3180 diebm
563 3124 657 3180 multis
690 3135 758 3198 post
789 3121 975 3198 paucioribus
1008 3123 1191 3183 vehementer

192 3226 335 3298 quosdam
355 3237 489 3300 expertus
510 3238 554 3282 est
572 3226 703 3282 inuidere
721 3226 855 3302 dignitati
873 3245 946 3297 suar,
969 3228 986 3282 a
1004 3228 1111 3300 quibus
1126 3245 1192 3286 eum

192 3326 265 3386 faede
283 3328 471 3384 calumniatus
492 3340 585 3396 esset,
607 3328 679 3404 Regi
700 3310 763 3384 viro
786 3327 897 3403 alioqui
918 3329 1051 3404 optimo,
1077 3331 1127 3387 scd
1149 3330 1194 3386 ni-

192 3431 299 3490 mirum
321 3432 438 3488 credulo
460 3443 607 3507 suspectus
632 3432 705 3488 adeo
734 3449 795 3486 esse
823 3431 924 3506 cepit,
955 3443 988 3488 nt
1013 3434 1191 3506 pro-delato
1238 3511 1242 3516 ‚

193 3551 287 3609 nuper
309 3535 420 3590 bonore
444 3535 503 3590 vita
525 3534 648 3590 bominis
671 3534 884 3610 deposceretur.
898 3563 900 3568 ·
915 3534 1003 3606 Quod
1033 3535 1192 3610 periculum

194 3639 283 3693 ianus
306 3637 371 3696 cim
393 3629 559 3711 impc'ndere
586 3637 640 3694 sibi
660 3636 870 3711 perspexisset,
903 3636 1108 3713 fortunamque
1131 3659 1192 3696 non

193 3740 478 3809 animaduersam,
504 3740 554 3796 sed
576 3739 705 3796 funditus
730 3757 858 3796 euersam
887 3739 1076 3817 intelligeret,
1103 3741 1191 3797 dccli-

191 3854 314 3898 naturus
336 3843 421 3919 Regis
440 3843 594 3912 ferociam,
610 3861 786 3917 speransque
803 3842 879 3898 diem
897 3842 1024 3899 veritatis
1037 3855 1190 3919 parentem

192 3945 311 4002 meliora
332 3957 518 4020 paraturam,
543 3945 622 4020 apud
646 3945 767 4002 amicum
792 3944 945 4021 collegiatae
967 3945 1115 4003 cuiusdam
1140 3965 1190 4004 ee-

147 4026 149 4032 s
193 4047 497 4123 clesiae‘Praepositum
519 4048 641 4104 instituit
665 4044 850 4117 delitescere,
872 4047 972 4123 ibique
991 4051 1125 4106 omnibus
1144 4069 1192 4106 or-

188 4151 356 4220 namentis,
382 4161 470 4226 atque
495 4149 640 4225 prasidiis
670 4151 819 4224 priuatus,
844 4150 936 4226 iisque
964 4152 1093 4224 amissis,
1124 4173 1187 4229 quae

184 4264 254 4327 erat
279 4251 641 4324 maximianensibus,
660 4264 688 4310 et
708 4253 810 4330 vigiliis
829 4253 951 4334 adeptus
973 4251 1127 4316 miserabili
1146 4275 1194 4316 so«
