3202 5168
876 423 977 520 (Χ)

479 571 586 642 Nosti
612 575 672 642 Fn
691 555 898 656 Boeotium,
925 549 1192 670 Verulamium,
1219 571 1327 642 illum
1354 597 1434 645 eru·

428 685 595 764 ditorum
624 690 760 788 Angliae
789 688 1056 786 Coryphaeum‚
1088 715 1198 788 quem
1234 692 1274 764 in
1308 717 1433 768 sence-

433 825 512 884 tute
543 813 700 884 maxima
727 813 782 883 rei
810 809 994 882 familiaris
1023 812 1190 910 augustia
1221 812 1432 905 laborasse,

433 934 541 1006 etiam
571 933 684 1004 exteri
709 947 898 1005 testantur.
1381 989 1384 994 .

485 1054 661 1127 Thomam
678 1050 886 1138 Fallerum,
917 1066 953 1124 et
971 1052 1215 1139 Richardum,
1233 1053 1432 1147 natarum,

432 1127 656 1264 ilistoricoi,
682 1174 876 1247 Bobertum
900 1144 1251 1264 GreakPoetaru,
1278 1199 1433 1275 pauper·

308 1283 310 1292 ’
434 1308 506 1366 tate
532 1319 647 1393 prope
673 1309 822 1367 enectos
853 1293 964 1366 fuisse
993 1297 1209 1392 accepimus.
1253 1329 1256 1342 ·

481 1417 580 1507 Quin
621 1417 699 1512 ipse
741 1417 850 1486 etiam
887 1415 1043 1488 Jacobus
1074 1421 1256 1505 Ueserim,
1291 1419 1433 1515 insigne

434 1537 525 1608 illud
540 1536 707 1607 Ecclesiae
726 1535 931 1632 Anglicanae
955 1535 1083 1620 decus,
1101 1560 1186 1610 cum
1202 1555 1303 1610 ¹anno
1325 1562 1433 1636 supe·
1508 1521 1536 1554 '⁹

432 1659 540 1728 rioris
565 1657 686 1727 saeculi
712 1654 988 1753 quadragesimo
1017 1681 1061 1727 ex
1078 1656 1263 1752 Hybernia
1291 1658 1341 1732 ob
1369 1685 1433 1732 ne·

434 1776 581 1848 landam
620 1779 904 1848 Protestantium
943 1791 1101 1874 stragem
1136 1778 1284 1850 exulare
1326 1804 1433 1878 coge·

433 1914 560 1988 retur,
584 1900 645 1968 vix
661 1897 767 1970 »unde
794 1901 931 1970 victum
960 1911 1129 1994 caperet,
1159 1899 1344 1998 reliquum
1369 1901 1433 1972 lia⁸⁴

377 2025 380 2037 '
435 2021 570 2109 bebat3
599 2035 640 2092 ut
664 2035 803 2092 taceam
828 2019 986 2091 eundem
1009 2019 1160 2091 biennio
1184 2036 1267 2117 post
1292 2023 1331 2091 in
1354 2023 1433 2120 ipsa

436 2142 563 2239 Anglia
597 2167 617 2213 a
648 2142 826 2213 militibus
845 2138 1086 2212 ‹Bibliotheca
1119 2154 1156 2212 et
1184 2138 1332 2214 schedis·
1360 2144 1434 2216 suis

435 2264 608 2336 omnibus
631 2261 742 2335 luisse
766 2263 972 2360 spoliatum.
1002 2299 1004 2308 1

483 2384 582 2477 Quid
612 2386 729 2456 dicam
754 2384 802 2454 de
824 2390 964 2455 Ioanne
992 2380 1179 2467 lelando,
1208 2384 1272 2479 qui
1295 2381 1342 2454 dc
1364 2383 1435 2455 Bri·

351 2562 354 2568 .
436 2507 568 2577 tauniae
594 2495 851 2602 'scriptoribus'
882 2502 1026 2600 egregie
1048 2503 1232 2590 imeritus,
1263 2505 1302 2574 in
1329 2526 1433 2601 aper·

436 2641 509 2697 tam
535 2626 683 2696 demum
705 2625 902 2721 phrenesin
928 2621 1098 2694 incidisse
1124 2621 1269 2694 fertur?

484 2749 581 2840 Quid
609 2747 654 2820 de
679 2754 822 2820 Simone
842 2745 1044 2837 Thurway,
1074 2744 1154 2816 vird
1178 2742 1436 2835 eruditissimo,

412 2871 501 2966 .qni
523 2871 564 2939 in
593 2893 672 2940 eam
700 2868 849 2938 demum
873 2863 1070 2935 ruditatem
1094 2863 1235 2952 incidit,
1268 2878 1310 2935 ut
1337 2866 1435 2961 ipsos

437 2993 545 3062 etiam
564 2991 764 3061 litterarum
782 2986 1008 3058 characteres
1028 2986 1240 3082 ignoraret?

484 3110 583 3203 Quid
614 3109 847 3195 Machaeram,
884 3120 955 3177 et.
982 3159 992 3176 .
1096 3130 1320 3193 memorem,
1355 3107 1436 3177 visu

437 3231 523 3303 inde
551 3256 572 3301 a
601 3231 787 3300 nativitate
814 3225 1039 3298 destitutos?

485 3351 584 3444 Quid
601 3357 656 3422 Io.
672 3350 880 3434 Mtdonum,
898 3371 1008 3442 quem
1027 3360 1068 3414 ut
1083 3344 1269 3416 Tolandus
1286 3369 1437 3441 prorsus

439 3474 638 3547 luminibus
675 3471 888 3544 destitutum
923 3480 1055 3562 neget,
1091 3490 1167 3536 non
1200 3480 1321 3537 tamen
1354 3465 1436 3537 infi-

440 3597 555 3667 ciatur
583 3592 694 3665 luisse
722 3592 922 3662 litteratum
951 3585 1158 3658 inleliceml

486 3715 586 3806 Quid
612 3715 771 3811 denique
800 3709 975 3781 Thomam
1004 3711 1173 3792 Morum,
1202 3719 1239 3777 et
1266 3718 1321 3776 tot
1348 3706 1436 3776 alios

441 3836 668 3908 doctissimos
699 3833 818 3919 viros,
850 3843 1012 3901 extremo
1045 3827 1223 3923 supplicio
1247 3827 1286 3896 in
1310 3825 1437 3922 Anglia

442 3954 617 4028 affectos?
1157 4021 1159 4026 ,

499 4082 545 4148 At
578 4074 631 4144 illi
663 4073 811 4145 demum
844 4070 1009 4141 omnium
1038 4066 1273 4141 infelicissimi
1307 4062 1436 4153 fuere,

356 4225 359 4234 ¹
442 4195 757 4297 quisocraticum
781 4192 909 4265 mortis
941 4213 1056 4289 genus
1086 4188 1156 4263 sibi
1184 4190 1383 4287 elegerunt.
