3202 5168
879 234 1023 332 (vm)

451 395 652 480 praeceptor
675 380 754 475 ejus
780 383 829 452 M.
847 380 1025 452 Antonius
1046 379 1246 453 Sabellicus
1268 407 1353 455 eum
1376 407 1444 482 pru

450 508 556 574 Petro
573 507 755 590 Pieriam,
780 499 881 598 quod
894 498 1053 574 Pierides
1075 504 1198 573 Musas
1220 504 1351 576 amicas
1379 504 1444 576 ba·

449 622 576 711 beret,
602 621 819 720 appellavit;
848 620 950 718 quod
976 644 1111 692 nomen
1134 646 1243 718 quam
1265 624 1351 696 verb
1374 625 1445 730 ipsi

449 743 658 842 impositum
688 740 822 829 fuerit,
860 763 978 828 exeo
1005 756 1178 840 apparet,
1209 742 1310 840 quod
1343 767 1443 817 com·

447 863 551 933 muni
580 862 739 959 quodam
767 861 994 934 eruditorum
1023 884 1204 934 consensu
1232 864 1443 962 comproba·

447 997 526 1054 tum
558 997 622 1056 est.

503 1102 639 1174 Habuit
663 1116 784 1174 autem
808 1100 1001 1173 familiares
1030 1101 1087 1174 sui
1115 1102 1182 1173 aevi
1211 1099 1439 1177 doctissimos

444 1225 642 1320 Baptistam
660 1228 859 1320 Egnatum,
878 1221 1025 1292 Caelium
1042 1220 1324 1318 Calcagniuum‚
1348 1229 1439 1321 Syn·

445 1367 568 1415 cerum
599 1323 880 1429 Saunazarium,
914 1353 1023 1437 atque
1055 1353 1138 1411 ante
1173 1340 1261 1412 alios
1291 1347 1437 1416 Petrum

443 1461 619 1535 Bembum
643 1459 895 1548 Cardinalem,
928 1459 1031 1553 cujus
1058 1461 1097 1529 in
1122 1459 1287 1532 intimam
1313 1463 1436 1536 amici·

443 1584 530 1653 tiam
558 1594 785 1677 pervenerat.

490 1701 654 1797 Scripsit,
680 1714 721 1771 ut
747 1699 862 1787 nosti,
890 1710 1019 1793 praeter
1041 1696 1324 1770 eruditissimum
1342 1697 1435 1774 illu'd

440 1819 798 1919 Hieroglyphioorum
817 1841 922 1917 opus,
941 1819 1179 1914 Antiquitatcs
1190 1819 1431 1911 Bedunienses,

439 1941 599 2039 Spboerae
615 1937 887 2037 compendium,
906 1937 1203 2036 Dissertatiorrem
1217 1944 1290 2010 Pro
1309 1943 1433 2018 Sacer-

439 2061 562 2131 dotum
583 2059 726 2148 Barbis,
751 2082 861 2157 quam
884 2056 931 2128 ad
948 2041 1176 2129 Cardinalem
1195 2061 1432 2157 Hyppolitum

439 2180 637 2269 Medicem,
657 2179 875 2278 discipulum
893 2176 1079 2274 quondam
1099 2201 1205 2248 suum
1220 2180 1334 2272 misit5
1351 2193 1431 2264 tum

444 2307 632 2389 Carmina3
663 2314 772 2396 atque
798 2299 895 2385 alio,
930 2311 966 2368 et
994 2294 1040 2368 de
1067 2296 1218 2392 Virgilio
1252 2300 1430 2396 imprimis

438 2421 573 2517 optimi
594 2420 745 2505 meruit,
770 2441 901 2514 quem,
926 2416 1065 2486 collatis
1089 2416 1197 2486 variis
1222 2415 1428 2518 codicibus,

438 2537 664 2626 emendavit,
688 2551 730 2608 ut
750 2535 884 2610 latetur
907 2537 1007 2607 testis
1029 2536 1192 2607 omnium
1216 2541 1427 2636 exceptione

436 2659 573 2755 major,
598 2655 804 2730 Ludovicus
828 2657 946 2729 Vives.

481 2785 525 2850 In
556 2779 692 2849 caeteris
719 2801 805 2848 vero
835 2776 933 2846 hunc
960 2780 1017 2847 De
1043 2773 1254 2866 Infelicitate
1281 2782 1426 2850 Littera·

433 2913 548 2970 torum
577 2896 757 2969 Libellum
780 2920 867 2966 auro
898 2907 1024 2967 contra
1051 2918 1173 2965 carum
1201 2919 1362 2994 semper,
1388 2913 1425 2972 et

434 3031 621 3114 acceptum
645 3017 782 3102 habui,
809 3038 918 3111 quem
945 3015 1110 3111 Aloysius
1134 3016 1319 3106 Lollinus,
1344 3019 1423 3090 Bel,

433 3137 511 3206 luni
534 3138 753 3234 Episcopus,
784 3136 921 3231 primus
941 3160 961 3206 e
983 3158 1048 3206 sua
1065 3133 1285 3207 Bibliotheca
1306 3142 1421 3210 Vene-

431 3261 488 3326 tiis
516 3280 640 3327 uucxx
670 3257 765 3352 typis
792 3257 958 3328 accurate
987 3253 1170 3352 vulgavit,
1206 3280 1316 3353 quam
1344 3258 1421 3329 edi-

433 3374 567 3446 tionem
596 3398 663 3445 nos
690 3399 837 3472 quoque
865 3376 980 3457 secuti
1006 3397 1140 3448 sumus.

486 3500 578 3591 Cum
615 3494 702 3566 verb
736 3495 846 3566 Italos
885 3509 1025 3566 tantum
1062 3494 1201 3591 aliquos
1233 3509 1419 3568 recenseat

431 3619 679 3703 Vitalium,
715 3638 832 3710 operae
862 3615 1018 3710 pretium
1048 3614 1261 3685 existimavit
1289 3620 1418 3688 Corne-

431 3733 500 3804 lons
529 3733 686 3822 Tollius,
719 3747 761 3805 ut
790 3748 826 3806 et
854 3735 1109 3830 praetermissos
1137 3732 1184 3804 ab
1216 3733 1278 3804 illo
1307 3735 1416 3806 Italos

430 3853 626 3923 nonnullos
654 3866 690 3923 et
720 3853 842 3924 Gallos
876 3851 1049 3940 adderet,
1077 3852 1180 3948 cujus
1207 3851 1298 3923 adeo
1330 3876 1415 3950 sup·

429 3972 653 4069 plementum
676 3972 756 4069 pari
774 3972 967 4046 selectione
988 3986 1024 4044 et
1044 3973 1218 4044 sermonis
1239 3973 1414 4072 elegantia
