3186 5166
176 485 203 542 .'
267 483 272 489 ·
361 462 594 522 errueiroauu
615 451 834 516 Inruitctrsrs.
876 455 938 514 Lili.
961 460 1000 514 11.
1142 453 1181 518 id
1234 523 1235 527 ἵ

186 585 305 643 litteras¹
317 583 501 662 intelligebat.
512 573 636 643 -Pi'erias
655 579 766 660 inquit,
788 597 883 641 vester
905 585 1067 660 disciplinas
1083 593 1180 662 'appe-

185 681 244 760 itit,
267 708 314 744 eas
335 700 504 745 consecutus
519 701 574 759 est,
593 688 745 762 improbus·
762 701 850 758 esset,
873 688 896 744 si
907 679 976 743 ¹rem
994 690 1078 743 etiam
1093 689 1182 745 'affcc-

186 783 270 848 taret.
293 791 418 862 Quando
439 791 553 847 diuitias
570 791 614 846 his
632 803 744 846 tantum
761 793 888 847 tribuere
906 791 992 846 debet
1013 794 1110 862 Deus,
1132 793 1183 867 qui

186 899 267 954 nullo
289 893 404 952 virtutis
429 895 601 950 adminiculo
620 895 748 964 suffulti,
776 895 830 950 nisi
850 915 947 952 rerum
967 917 1023 972 ope
1041 883 1183 952 sustenta⁴

187 983 305 1069 retitur,
320 999 402 1054 facile
423 1009 601 1054 corruerent.
617 999 661 1052 Eo
679 1008 774 1053 tamen
789 995 922 1068 absente,
940 1001 1005 1055 cum
1023 998 1073 1072 filij
1093 987 1188 1056 sacer-

188 1103 306 1182 dotium⁴
332 1099 373 1156 in
396 1101 464 1156 Diui
494 1102 574 1156 Petri
605 1101 729 1156 Basilica
762 1103 933 1176 praeceptori
958 1103 1185 1176 procurassent,

188 1205 403 1281 quamprimum
423 1215 510 1277 ,pater
539 1204 554 1259 ὲ
587 1203 837 1278 peregrinatione,
872 1223 928 1277 qua
959 1207 1066 1260 Iuliam
1090 1209 1187 1262 Bono-

188 1302 268 1363 niam
281 1349 289 1378 ,
304 1311 530 1382 Rauennamqae
547 1319 661 1362 secutus
673 1307 782 1376 fuerat,
801 1307 905 1377 rediit,
919 1320 1021 1382 gnatos
1038 1329 1189 1384 nunquam

189 1411 263 1466 male
281 1410 388 1466 habere
409 1410 536 1479 destitit,
571 1409 692 1464 exilium
706 1411 760 1483 ijs,
783 1411 1040 1467 exheredationem
1055 1453 1064 1481 ,
1091 1424 1118 1468 et
1136 1432 1187 1467 ex-

190 1525 310 1569 tremam
327 1513 424 1586 ⁴patris
447 1513 664 1568 detestationem
684 1512 902 1583 interminatus,
927 1505 1038 1584 donec,
1061 1516 1142 1588 quod
1160 1517 1189 1570 in

190 1615 261 1672 actis
286 1615 409 1670 Rotnani
432 1615 488 1670 lori
509 1627 641 1684 constat,
667 1615 828 1671 sacerdotio
853 1616 893 1670 illi
915 1619 1026 1672 Pierias
1052 1618 1190 1690 abjurare

191 1729 353 1793 cogeretur.
378 1715 501 1774 Causam
530 1719 599 1773 verli
626 1737 689 1774 eam
714 1717 787 1774 lilios
818 1718 994 1775 instituendo
1020 1721 1191 1793 subjiciebat

190 1841 307 1878 summae
330 1820 495 1875 rusticitatis
516 1821 621 1889 homo,
647 1820 789 1890 Clientes,
818 1821 841 1876 si
866 1814 939 1895 quos
966 1823 1042 1897 frugi
1065 1824 1190 1893 habeas,

191 1923 222 1978 in
243 1921 310 1998 spe,
333 1934 362 1977 et
382 1934 506 1998 egestate
527 1923 716 1978 continendos
730 1965 738 1992 ,
752 1929 800 1978 'ne
822 1924 887 1979 clun
913 1924 1020 1980 fuerint
1043 1931 1096 2000 per
1119 1927 1191 1982 libe·

192 2027 334 2082 ralitatem
357 2037 436 2080 tuam
464 2045 547 2100 egere
571 2027 671 2096 vetiti,
698 2017 804 2082 eorum
826 2046 895 2082 mox
919 2026 1013 2083 officia
1037 2029 1190 2085 desideres.

192 2130 291 2185 Finem
326 2131 372 2184 lile
407 2129 513 2184 fecerat
530 2129 688 2197 -Carsias,
730 2128 1028 2204 interquiescehatque
1064 2132 1192 2187 omniurn

194 2249 308 2301 sermo,
339 2233 409 2288 dum
429 2232 475 2304 alij
500 2231 615 2304 juueuis
640 2231 824 2289 infelicissimi
843 2251 941 2288 casum
965 2233 1194 2312 indignissimum

193 2336 387 2405 miserantur,
416 2335 463 2408 alij
486 2335 576 2410 patris
603 2335 809 2390 immanitatem
834 2333 926 2390 tacitis
951 2333 1087 2392 'conuiciis
1115 2337 1193 2392 lace-

174 2435 512 2494 ·rant.'Cinn‘Melinus
532 2439 569 2493 ad
593 2441 734 2508 Granum,
756 2451 784 2494 et
798 2439 936 2494 Colotiarn
957 2458 1115 2494 conuersus
1136 2440 1191 2496 ait:

191 2542 288 2597 “Multa
308 2541 425 2615 quidem
446 2541 575 2614 exempla
595 2541 788 2596 litteratorum
812 2540 934 2596 infelicia
954 2541 1113 2612 recitastis,
1143 2545 1193 2599 sed

106 2651 112 2661 ‘
195 2645 316 2700 olt'secro
344 2664 396 2714 cur
420 2663 469 2700 eos
490 2654 602 2700 tantum
622 2645 801 2700 calamitosos
826 2643 1012 2714 existimatis,
1044 2645 1112 2718 quia
1135 2646 1194 2702 vita

194 2747 330 2804 cesserint
355 2729 411 2802 fine
437 2747 516 2802 haud
541 2748 608 2804 satis
635 2739 807 2821 auspicato,
839 2748 904 2802 clun
925 2747 1009 2822 longe
1032 2748 1194 2804 miseriores

193 2847 327 2925 'plerique
348 2850 403 2905 sint
416 2827 433 2918 ,Ι
454 2847 610 2925 propterea
630 2851 711 2930 quod
731 2850 852 2918 uiuunt,
884 2851 991 2924 quique
1013 2850 1103 2906 fatum
1123 2851 1193 2906 illud

196 2954 397 3027 qualecunque
426 2953 546 3008 mortuis
567 2951 720 3022 inuident,
746 2971 904 3026 eorumque
924 2954 1066 3027 potiorem
1088 2965 1195 3010 sortem

197 3057 361 3123 aestimant,
392 3055 471 3128 quod
504 3055 625 3110 cruciari
651 3055 710 3128 jani
725 3056 881 3126 'deserint‚
913 3057 978 3112 ciim
1004 3058 1195 3114 litteratorum

198 3145 326 3214 conditio
348 3157 453 3226 trinnis,
475 3175 595 3230 quoquo
616 3168 643 3211 te
661 3157 796 3227 veneris,
818 3159 852 3212 ei>
872 3159 989 3214 redacta
1007 3161 1053 3230 sit,
1072 3171 1104 3216 ut
1125 3162 1195 3217 nihil

196 3255 257 3333 jani
275 3260 394 3314 laetabile
415 3277 537 3333 usquam
557 3259 698 3333 supersit,
725 3260 765 3314 ita
783 3259 934 3316 uniuersus
955 3243 1097 3317 terrarum
1117 3265 1195 3324 orbis

199 3361 237 3419 ad
258 3381 359 3430 arma,
380 3362 418 3417 ad
438 3363 572 3436 rapinas,
594 3361 782 3419 adincendia
803 3363 961 3419 concitatus
982 3377 1041 3434 est,
1064 3377 1095 3420 ut
1115 3367 1196 3422 loeus

190 3466 272 3538 ,jam
288 3485 347 3520 uon
376 3464 430 3519 nisi
457 3463 600 3538 perfidis,
632 3476 671 3519 et·
688 3465 849 3520 latronibus
878 3485 1025 3540 superesse
1054 3469 1193 3524 rideatur.

201 3563 310 3642 Conon.
332 3565 448 3623 Meetim
468 3567 554 3622 sentis
575 3568 703 3637 Melina,
726 3567 777 3641 qui
794 3568 903 3623 dictare
923 3587 983 3624 non
1005 3571 1104 3625 desino
1125 3573 1196 3626 nihil

200 3671 316 3726 homine
336 3671 479 3738 litterato,
500 3670 551 3744 qui
570 3690 646 3726 nunc
666 3671 762 3741 viuat,
784 3671 931 3727 infeliciiis.
963 3676 1037 3728 Nam
1058 3675 1197 3730 extinctos

202 3753 268 3844 h'o's,
290 3794 364 3847 quos
384 3774 509 3829 infelices
530 3773 854 3846 appellitauimus,'non
873 3775 962 3830 modi>
981 3795 1042 3833 non
1062 3776 1198 3848 infelices,

203 3859 367 3934 sedetiam
394 3877 571 3932 beatissimos
598 3878 660 3932 heri
683 3879 860 3934 contarenus
886 3897 952 3957 esse
973 3883 1197 3955 comprobanit,

203 3981 254 4036 sed
275 3981 346 4056 quin
361 3997 441 4056 '‘ego,
460 3980 531 4054 quin
551 3983 674 4051 Latias,
696 3983 768 4055 quin
788 3996 886 4039 noster
900 3984 1105 4059 Pimpinellus,
1126 3985 1198 4059 quin

206 4084 320 4140 Careias
339 4085 434 4139 miseri
454 4103 514 4140 esse
533 4103 701 4158 persuasum
721 4075 892 4157 habeamus,
914 4099 942 4143 et
963 4105 1078 4143 revera
1097 4089 1196 4158 simus,

206 4204 264 4268 non
288 4188 480 4258 ContarenuS,
502 4207 562 4244 non
583 4191 684 4261 Plato,
705 4208 765 4244 non
785 4191 935 4261 Socrates,
960 4211 1019 4247 non
1039 4193 1198 4266 Epictetus,
1251 4184 1255 4190 ’

1049 4314 1082 4354 1⁰.
