3186 5166
433 408 470 471 ᾖ]
681 418 803 472 loannis
823 417 921 489 Prnsrj
942 419 1126 488 Venturam,
1147 440 1185 475 nr

433 542 572 618 pateticos
595 545 769 612 traduxisti,
792 546 843 618 qni
859 545 931 599 velis
951 546 988 600 de
1007 547 1154 601 locutione
1178 548 1318 622 simplici,
1346 561 1376 606 et
1395 537 1426 606 itt

433 647 563 702 omniurn
582 666 633 702 ore
656 667 718 704 uno
740 661 858 722 accepta
879 647 1038 722 significato
1061 651 1158 723 plnres
1177 652 1346 725 perquirere
1366 653 1425 727 sig·

432 748 601 804 nificantias.
616 751 674 808 Sed
695 770 740 806 me
752 751 828 806 forte
840 772 899 809 non
914 753 992 826 capis
1011 755 1192 822 contemne,
1212 754 1265 828 qui
1282 765 1367 828 putes
1378 773 1428 832 me

433 853 519 908 bodie
540 872 700 908 sennonem
718 855 795 909 hunc
812 856 956 930 auspicari
972 857 1115 924 voluisse,
1134 869 1168 912 ut
1183 869 1282 912 utrum
1298 856 1432 927 litterati,

434 975 508 1031 quos
526 957 684 1012 memoraui
694 999 704 1026 ,
723 958 791 1012 rere
809 977 863 1013 nec
882 977 919 1012 ne
936 959 1062 1014 habendi
1085 960 1142 1014 sint
1163 959 1309 1028 infelices,
1329 959 1430 1034 dispu-

435 1073 534 1114 tarem.
548 1063 645 1130 Quare
661 1060 799 1133 quoniam
810 1060 967 1134 quaestione
979 1062 1150 1136 proposita,
1167 1062 1250 1134 quasi
1261 1063 1299 1117 ad
1311 1073 1429 1117 nuum-

434 1181 510 1236 que,
525 1163 572 1218 vel
587 1163 617 1216 in
634 1174 800 1238 utrumqne,
820 1175 938 1236 paratus
958 1182 989 1219 es
1009 1164 1125 1234 dicere,
1144 1165 1215 1219 notri
1226 1164 1302 1220 enim
1319 1165 1428 1240 ingenii

433 1266 477 1320 tui
501 1284 638 1334 acumen,
660 1278 689 1321 et
712 1266 990 1340 promptitudinem,
1016 1268 1120 1341 qnaeris
1145 1287 1205 1341 qno
1230 1287 1286 1343 ego
1305 1269 1431 1322 termino

433 1368 628 1424 infelicitatem
641 1369 802 1440 includam,
821 1389 882 1425 non
895 1370 1036 1426 dubitabo
1056 1390 1118 1426 rem
1136 1371 1154 1426 a
1170 1370 1267 1426 multis
1284 1371 1315 1425 in
1333 1371 1433 1426 diuer-

434 1491 498 1527 snm
520 1473 685 1527 distractam
704 1491 765 1527 nuo
791 1473 871 1529 nodo
892 1474 1047 1548 colligare,
1072 1474 1161 1548 idque
1180 1473 1353 1529 infelicitatis
1375 1493 1433 1528 no-

434 1573 512 1630 mine
538 1575 789 1645 circumscribere,
813 1576 894 1650 quod
920 1577 1025 1649 cuique
1053 1587 1102 1632 aut
1127 1588 1232 1651 praeter
1255 1595 1355 1650 spem,
1381 1589 1436 1632 aut

432 1688 541 1752 praeter
558 1689 676 1747 votum,
697 1690 747 1734 aut
761 1690 866 1753 praeter
883 1679 1050 1753 dignitatem
1067 1679 1211 1738 acciderit.
1228 1682 1331 1753 Neque
1348 1679 1444 1735 velim·

436 1781 472 1835 eo
492 1799 537 1834 me
558 1783 733 1854 compellas,
752 1793 786 1838 ut
807 1782 831 1837 si
852 1781 923 1855 quid
943 1783 1048 1837 borum
1070 1782 1205 1854 cuiquam
1225 1782 1378 1851 acciderit,
1399 1801 1436 1836 ω

437 1883 474 1938 de
503 1901 589 1938 causa
612 1884 683 1938 Caio
703 1903 763 1938 non
782 1884 820 1938 ad
847 1884 1042 1940 infelicitatem
1062 1885 1187 1939 adscribi
1210 1884 1338 1953 debere,
1364 1885 1436 1958 quia

437 1988 603 2060 ,Sempronio
625 1987 656 2042 id
676 1987 751 2042 bene
771 1989 904 2057 cesserit,
926 2001 977 2044 aut
999 1990 1023 2044 is
1043 1991 1099 2044 tale
1122 1988 1194 2061 qnid
1214 1988 1436 2062 susquedeque

438 2088 545 2144 fecerit.
566 2091 637 2144 Esto
662 2089 750 2165 igitur
778 2109 836 2164 qua
860 2092 897 2148 de
919 2092 1014 2165 agitur
1033 2091 1182 2146 infelicitas
1207 2090 1293 2160 vite,
1315 2100 1349 2145 ut
1373 2109 1437 2146 uuo

439 2192 535 2248 omnia
555 2194 646 2247 verbo
669 2194 825 2266 colligam,
847 2195 978 2249 Miseria.
999 2196 1041 2250 Ea
1062 2194 1137 2248 enim
1161 2194 1308 2248 locutione
1333 2212 1438 2250 eorum

439 2296 567 2350 omnium
587 2296 675 2350 vitam
693 2296 844 2370 complecti
865 2297 1013 2363 ridemur,
1030 2297 1080 2369 qui
1097 2297 1141 2350 vel
1158 2315 1229 2364 sno,
1249 2296 1295 2350 vel
1312 2296 1440 2352 aliorum

436 2397 565 2470 judicio,
583 2417 646 2454 eam
667 2411 773 2454 sortem
792 2398 887 2453 sortiti
906 2408 988 2466 sunt,
1011 2417 1098 2472 quam
1120 2399 1248 2480 misereri
1268 2399 1439 2468 debeamus,

374 2506 386 2529 '
440 2503 501 2556 siue
520 2521 574 2557 nos
594 2503 629 2573 ijs
655 2502 774 2557 meliora
798 2501 989 2576 cupierimus,
1015 2500 1075 2555 siue
1099 2512 1176 2556 sorte
1201 2502 1242 2555 illi
1268 2521 1320 2558 sua
1341 2502 1440 2558 minus

440 2606 587 2672 contenti,
615 2606 659 2659 vel
688 2606 762 2678 aequi
792 2605 909 2661 fuerint.
943 2605 1019 2674 Sed,
1056 2615 1089 2659 ut
1121 2624 1236 2660 omnem
1267 2605 1441 2680 scrupulum

435 2707 581 2776 eximam,
606 2707 777 2780 dispescitur
804 2708 863 2762 hac
887 2727 973 2763 causa
1002 2709 1089 2763 certis
1116 2708 1281 2782 capitibus,
1310 2727 1442 2782 quoram

440 2810 488 2864 itta
510 2810 670 2883 praecipua,
689 2811 758 2866 dum
780 2811 987 2883 loqueremur,
1008 2811 1094 2866 fuisse
1116 2811 1185 2866 mihi
1204 2809 1264 2866 visa
1285 2805 1360 2866 sunl.
1383 2813 1441 2866 In-

441 2913 535 2967 felices
561 2912 636 2967 enim
663 2913 849 2983 dicebamus,
880 2926 930 2969 aut
957 2914 981 2968 si
1002 2915 1174 2969 vocabulum
1200 2917 1322 2970 alterum
1346 2913 1442 2988 magis

440 3017 552 3090 placet,
579 3017 698 3071 miseros
724 3036 774 3072 eos
799 3017 1030 3091 accipiebamus,
1061 3029 1090 3073 et
1115 3018 1361 3092 intelligebamus,
1385 3016 1444 3090 qui

440 3119 548 3174 meritis
576 3119 736 3176 honoribus
767 3121 930 3176 defraudati
962 3133 1074 3189 essent,
1110 3121 1161 3195 qui
1194 3121 1352 3194 grauibus,
1386 3132 1444 3176 aut

440 3222 534 3296 longis
555 3225 664 3280 morbis
682 3223 826 3294 afflictati,
847 3226 898 3298 qni
919 3225 1003 3280 bonis
1026 3224 1140 3298 spoliati
1161 3224 1238 3292 suis,
1259 3224 1310 3298 qai
1330 3222 1443 3298 captiui

439 3327 608 3402 perierunt,
632 3329 683 3401 qni
704 3340 828 3403 egestate
852 3329 983 3403 oppressi
1006 3327 1122 3402 inopem
1148 3327 1301 3382 traduxere
1324 3326 1442 3396 vitam,

441 3430 492 3504 qui
514 3431 551 3487 de
575 3449 625 3505 spe
648 3429 838 3500 deciderunt,
861 3432 912 3505 qui
938 3431 992 3486 sibi
1017 3443 1141 3486 mortem
1165 3431 1354 3498 consciuere,
1385 3429 1443 3503 qni

441 3535 478 3588 ab
498 3534 560 3589 aliis
582 3535 716 3589 trucidati
737 3533 866 3602 fuerint,
896 3554 1020 3609 quorum
1043 3535 1118 3590 fama
1139 3544 1209 3588 nota
1232 3533 1327 3607 aliqua
1349 3531 1445 3606 insig-

440 3637 516 3691 niori
537 3638 730 3692 contaminata
749 3649 802 3692 est.
821 3639 888 3691 llaec
910 3637 970 3691 siue
990 3630 1276 3704 contemnant,'siue
1294 3633 1444 3709 patienter

440 3739 533 3795 ferant
557 3740 628 3810 viri,
658 3752 806 3812 utcunque
828 3739 1007 3814 ingruerint,
1024 3737 1181 3794 ¹felicitatis
1204 3755 1320 3792 cursum
1345 3736 1443 3790 inter-

440 3844 558 3898 turbare
583 3844 801 3910 existimantur,
827 3856 855 3898 et
885 3843 973 3917 quarn
1004 3842 1125 3897 studiosi
1156 3860 1256 3896 ornnes
1280 3839 1444 3906 affectant,

441 3946 624 4021 tranquillam
645 3947 721 4000 illam
742 3945 793 4018 otij
814 3947 940 4019 quietem
962 3945 1166 4000 contaminare.
1191 3943 1341 3998 Neminem
1362 3939 1443 3996 enirn

441 4067 495 4122 ego
514 4060 593 4104 tanta
616 4050 767 4123 praeditum
791 4049 965 4122 prudentia,
995 4059 1112 4102 tantane
1143 4047 1365 4102 corroboratum
1395 4061 1445 4098 sa·

436 4151 546 4226 pientia
568 4152 722 4237 perspexi,
744 4163 777 4207 ut
790 4152 921 4206 hmaanae
943 4152 1005 4205 vitae
1018 4148 1227 4218 incommodis,
1253 4147 1445 4222 quotiescun-
