<?xml version="1.0" encoding="UTF-8"?>
<!DOCTYPE html PUBLIC "-//W3C//DTD XHTML 1.0 Transitional//EN"
    "http://www.w3.org/TR/xhtml1/DTD/xhtml1-transitional.dtd">
<html xmlns="http://www.w3.org/1999/xhtml" xml:lang="en" lang="en">
 <head>
  <title>
</title>
<meta http-equiv="Content-Type" content="text/html;charset=utf-8" />
  <meta name='ocr-system' content='tesseract 3.04.00' />
  <meta name='ocr-capabilities' content='ocr_page ocr_carea ocr_par ocr_line ocrx_word'/>
</head>
<body>
  <div class='ocr_page' id='page_1' title='image "./joannispieriiva01valegoog_0022.png"; bbox 0 0 3202 5168; ppageno 0'>
   <div class='ocr_carea' id='block_1_1' title="bbox 622 412 839 540">
    <p class='ocr_par' dir='ltr' id='par_1_1' title="bbox 622 412 839 540">
     <span class='ocr_line' id='line_1_1' title="bbox 622 412 839 540; baseline 0 0"><span class='ocrx_word' id='word_1_1' title='bbox 622 443 763 540; x_wconf 64' lang='grc' dir='ltr'>(ιω)</span> <span class='ocrx_word' id='word_1_2' title='bbox 836 412 839 420; x_wconf 81' lang='grc'><strong>’</strong></span> 
     </span>
    </p>
   </div>
   <div class='ocr_carea' id='block_1_2' title="bbox 116 588 1283 4424">
    <p class='ocr_par' dir='ltr' id='par_1_2' title="bbox 191 588 1196 1654">
     <span class='ocr_line' id='line_1_2' title="bbox 193 588 1191 688; baseline 0.004 -30"><span class='ocrx_word' id='word_1_3' title='bbox 193 607 196 614; x_wconf 82' lang='grc'><strong>’</strong></span> <span class='ocrx_word' id='word_1_4' title='bbox 238 592 456 661; x_wconf 86' lang='lat' dir='ltr'><strong>Innumeros</strong></span> <span class='ocrx_word' id='word_1_5' title='bbox 477 599 632 684; x_wconf 88' lang='lat' dir='ltr'><strong>uterque</strong></span> <span class='ocrx_word' id='word_1_6' title='bbox 667 589 823 686; x_wconf 83' lang='lat' dir='ltr'>scriptor</span> <span class='ocrx_word' id='word_1_7' title='bbox 848 588 922 660; x_wconf 83' lang='lat' dir='ltr'><strong>sive</strong></span> <span class='ocrx_word' id='word_1_8' title='bbox 948 588 1030 662; x_wconf 87' lang='lat' dir='ltr'><strong>data</strong></span> <span class='ocrx_word' id='word_1_9' title='bbox 1054 591 1191 688; x_wconf 68' lang='lat' dir='ltr'><strong>operi,</strong></span> 
     </span>
     <span class='ocr_line' id='line_1_3' title="bbox 191 708 829 806; baseline -0.003 -26"><span class='ocrx_word' id='word_1_10' title='bbox 191 710 268 780; x_wconf 77' lang='lat' dir='ltr'><strong>siue</strong></span> <span class='ocrx_word' id='word_1_11' title='bbox 287 710 403 780; x_wconf 89' lang='lat' dir='ltr'><strong>invito</strong></span> <span class='ocrx_word' id='word_1_12' title='bbox 425 708 568 780; x_wconf 90' lang='lat' dir='ltr'><strong>silentio</strong></span> <span class='ocrx_word' id='word_1_13' title='bbox 591 711 829 806; x_wconf 75' lang='lat' dir='ltr'><strong>praetermisit.</strong></span> 
     </span>
     <span class='ocr_line' id='line_1_4' title="bbox 211 829 1195 929; baseline 0.006 -30"><span class='ocrx_word' id='word_1_14' title='bbox 211 873 215 882; x_wconf 52' lang='lat'><strong>·=</strong></span> <span class='ocrx_word' id='word_1_15' title='bbox 239 833 324 900; x_wconf 88' lang='lat' dir='ltr'><strong>Non</strong></span> <span class='ocrx_word' id='word_1_16' title='bbox 339 851 477 926; x_wconf 87' lang='lat' dir='ltr'><strong>paucos</strong></span> <span class='ocrx_word' id='word_1_17' title='bbox 496 829 667 926; x_wconf 88' lang='lat' dir='ltr'>equidem</span> <span class='ocrx_word' id='word_1_18' title='bbox 685 831 756 902; x_wconf 91' lang='lat' dir='ltr'><strong>boc</strong></span> <span class='ocrx_word' id='word_1_19' title='bbox 769 832 907 928; x_wconf 90' lang='lat' dir='ltr'><strong>ipsum,</strong></span> <span class='ocrx_word' id='word_1_20' title='bbox 927 856 1001 929; x_wconf 91' lang='lat' dir='ltr'><strong>quo</strong></span> <span class='ocrx_word' id='word_1_21' title='bbox 1015 835 1195 923; x_wconf 87' lang='lat' dir='ltr'><strong>vivimus,</strong></span> 
     </span>
     <span class='ocr_line' id='line_1_5' title="bbox 191 951 1196 1050; baseline 0.006 -30"><span class='ocrx_word' id='word_1_22' title='bbox 191 975 309 1022; x_wconf 79' lang='lat' dir='ltr'><strong>aevum</strong></span> <span class='ocrx_word' id='word_1_23' title='bbox 338 952 441 1023; x_wconf 89' lang='lat' dir='ltr'><strong>novit</strong></span> <span class='ocrx_word' id='word_1_24' title='bbox 478 953 577 1024; x_wconf 85' lang='lat' dir='ltr'><strong>viros</strong></span> <span class='ocrx_word' id='word_1_25' title='bbox 603 951 769 1025; x_wconf 72' lang='lat' dir='ltr'><strong>doctrind</strong></span> <span class='ocrx_word' id='word_1_26' title='bbox 792 955 1004 1050; x_wconf 82' lang='lat' dir='ltr'><strong>meritisque</strong></span> <span class='ocrx_word' id='word_1_27' title='bbox 1030 955 1069 1024; x_wconf 93' lang='lat' dir='ltr'><strong>in</strong></span> <span class='ocrx_word' id='word_1_28' title='bbox 1091 961 1196 1026; x_wconf 88' lang='lat' dir='ltr'><strong>Rem·</strong></span> 
     </span>
     <span class='ocr_line' id='line_1_6' title="bbox 193 1070 1194 1172; baseline 0.006 -32"><span class='ocrx_word' id='word_1_29' title='bbox 193 1071 375 1166; x_wconf 86' lang='lat' dir='ltr'>publicam</span> <span class='ocrx_word' id='word_1_30' title='bbox 405 1070 612 1142; x_wconf 85' lang='lat' dir='ltr'><strong>litterariam</strong></span> <span class='ocrx_word' id='word_1_31' title='bbox 642 1097 789 1169; x_wconf 86' lang='lat' dir='ltr'><strong>graves,</strong></span> <span class='ocrx_word' id='word_1_32' title='bbox 815 1074 880 1170; x_wconf 90' lang='lat' dir='ltr'><strong>qui</strong></span> <span class='ocrx_word' id='word_1_33' title='bbox 903 1070 977 1144; x_wconf 88' lang='lat' dir='ltr'><strong>fato</strong></span> <span class='ocrx_word' id='word_1_34' title='bbox 1002 1074 1194 1172; x_wconf 76' lang='lat' dir='ltr'><strong>lugubri-d</strong></span> 
     </span>
     <span class='ocr_line' id='line_1_7' title="bbox 192 1189 1194 1291; baseline 0.005 -30"><span class='ocrx_word' id='word_1_35' title='bbox 192 1189 372 1263; x_wconf 84' lang='lat' dir='ltr'><strong>felicitatis</strong></span> <span class='ocrx_word' id='word_1_36' title='bbox 405 1191 540 1264; x_wconf 85' lang='lat' dir='ltr'><strong>throno</strong></span> <span class='ocrx_word' id='word_1_37' title='bbox 568 1191 775 1282; x_wconf 90' lang='lat' dir='ltr'><strong>deturbati,</strong></span> <span class='ocrx_word' id='word_1_38' title='bbox 805 1218 873 1291; x_wconf 92' lang='lat' dir='ltr'><strong>pro</strong></span> <span class='ocrx_word' id='word_1_39' title='bbox 906 1196 1057 1290; x_wconf 85' lang='lat' dir='ltr'><strong>speratis</strong></span> <span class='ocrx_word' id='word_1_40' title='bbox 1085 1221 1194 1267; x_wconf 90' lang='lat' dir='ltr'><strong>even·</strong></span> 
     </span>
     <span class='ocr_line' id='line_1_8' title="bbox 192 1312 1194 1412; baseline 0.007 -31"><span class='ocrx_word' id='word_1_41' title='bbox 192 1312 292 1382; x_wconf 91' lang='lat' dir='ltr'><strong>tibus</strong></span> <span class='ocrx_word' id='word_1_42' title='bbox 317 1314 521 1409; x_wconf 86' lang='lat' dir='ltr'><strong>prosperis,</strong></span> <span class='ocrx_word' id='word_1_43' title='bbox 554 1313 773 1402; x_wconf 70' lang='lat' dir='ltr'><strong>calamitates</strong></span> <span class='ocrx_word' id='word_1_44' title='bbox 788 1316 1031 1412; x_wconf 73' lang='lat' dir='ltr'><strong>gravissimas</strong></span> <span class='ocrx_word' id='word_1_45' title='bbox 1062 1330 1098 1388; x_wconf 90' lang='lat' dir='ltr'><strong>et</strong></span> <span class='ocrx_word' id='word_1_46' title='bbox 1123 1315 1194 1388; x_wconf 88' lang='lat' dir='ltr'><strong>ful-</strong></span> 
     </span>
     <span class='ocr_line' id='line_1_9' title="bbox 192 1436 1192 1534; baseline 0.004 -30"><span class='ocrx_word' id='word_1_47' title='bbox 192 1437 372 1508; x_wconf 85' lang='lat' dir='ltr'><strong>minantes</strong></span> <span class='ocrx_word' id='word_1_48' title='bbox 396 1439 559 1508; x_wconf 90' lang='lat' dir='ltr'><strong>miserias</strong></span> <span class='ocrx_word' id='word_1_49' title='bbox 582 1461 777 1533; x_wconf 85' lang='lat' dir='ltr'><strong>aspexere,</strong></span> <span class='ocrx_word' id='word_1_50' title='bbox 808 1452 845 1508; x_wconf 89' lang='lat' dir='ltr'><strong>et</strong></span> <span class='ocrx_word' id='word_1_51' title='bbox 873 1437 939 1534; x_wconf 91' lang='lat' dir='ltr'><strong>qui</strong></span> <span class='ocrx_word' id='word_1_52' title='bbox 966 1436 1046 1534; x_wconf 89' lang='lat' dir='ltr'><strong>(ne</strong></span> <span class='ocrx_word' id='word_1_53' title='bbox 1075 1436 1192 1508; x_wconf 90' lang='lat' dir='ltr'><strong>ullum</strong></span> 
     </span>
     <span class='ocr_line' id='line_1_10' title="bbox 192 1554 1192 1654; baseline 0.003 -29"><span class='ocrx_word' id='word_1_54' title='bbox 192 1554 413 1628; x_wconf 81' lang='lat' dir='ltr'><strong>infelicitatis</strong></span> <span class='ocrx_word' id='word_1_55' title='bbox 451 1581 566 1654; x_wconf 83' lang='lat' dir='ltr'><strong>genus</strong></span> <span class='ocrx_word' id='word_1_56' title='bbox 599 1583 619 1629; x_wconf 91' lang='lat' dir='ltr'><strong>a</strong></span> <span class='ocrx_word' id='word_1_57' title='bbox 650 1557 817 1629; x_wconf 88' lang='lat' dir='ltr'><strong>litteratis</strong></span> <span class='ocrx_word' id='word_1_58' title='bbox 852 1555 1046 1652; x_wconf 83' lang='lat' dir='ltr'><strong>abesset),</strong></span> <span class='ocrx_word' id='word_1_59' title='bbox 1083 1558 1192 1629; x_wconf 89' lang='lat' dir='ltr'><strong>etiam</strong></span> 
     </span>
    </p>

    <p class='ocr_par' dir='ltr' id='par_1_3' title="bbox 145 1677 1283 3468">
     <span class='ocr_line' id='line_1_11' title="bbox 193 1677 996 1778; baseline 0.002 -30"><span class='ocrx_word' id='word_1_60' title='bbox 193 1701 275 1749; x_wconf 92' lang='lat' dir='ltr'><strong>suas</strong></span> <span class='ocrx_word' id='word_1_61' title='bbox 303 1677 446 1752; x_wconf 90' lang='lat' dir='ltr'><strong>sibimet</strong></span> <span class='ocrx_word' id='word_1_62' title='bbox 476 1680 609 1750; x_wconf 88' lang='lat' dir='ltr'><strong>invisas</strong></span> <span class='ocrx_word' id='word_1_63' title='bbox 638 1680 825 1778; x_wconf 90' lang='lat' dir='ltr'><strong>projecere</strong></span> <span class='ocrx_word' id='word_1_64' title='bbox 850 1681 996 1776; x_wconf 82' lang='lat' dir='ltr'><strong>animas.</strong></span> 
     </span>
     <span class='ocr_line' id='line_1_12' title="bbox 145 1784 1193 1899; baseline 0.005 -30"><span class='ocrx_word' id='word_1_65' title='bbox 145 1784 150 1790; x_wconf 43' lang='lat'><strong>⁴</strong></span> <span class='ocrx_word' id='word_1_66' title='bbox 240 1797 349 1889; x_wconf 86' lang='lat' dir='ltr'><strong>Quod</strong></span> <span class='ocrx_word' id='word_1_67' title='bbox 380 1799 409 1869; x_wconf 91' lang='lat' dir='ltr'><strong>si</strong></span> <span class='ocrx_word' id='word_1_68' title='bbox 439 1799 527 1870; x_wconf 76' lang='lat' dir='ltr'><strong>veri&gt;</strong></span> <span class='ocrx_word' id='word_1_69' title='bbox 560 1800 597 1869; x_wconf 92' lang='lat' dir='ltr'><strong>in</strong></span> <span class='ocrx_word' id='word_1_70' title='bbox 627 1801 742 1895; x_wconf 90' lang='lat' dir='ltr'><strong>prima</strong></span> <span class='ocrx_word' id='word_1_71' title='bbox 775 1799 971 1897; x_wconf 72' lang='lat' dir='ltr'><strong>deplorata</strong></span> <span class='ocrx_word' id='word_1_72' title='bbox 1002 1815 1112 1899; x_wconf 82' lang='lat' dir='ltr'><strong>atque</strong></span> <span class='ocrx_word' id='word_1_73' title='bbox 1138 1815 1193 1874; x_wconf 90' lang='lat' dir='ltr'><strong>tot</strong></span> 
     </span>
     <span class='ocr_line' id='line_1_13' title="bbox 192 1919 1195 1996; baseline 0.005 -7"><span class='ocrx_word' id='word_1_74' title='bbox 192 1919 395 1990; x_wconf 90' lang='lat' dir='ltr'><strong>illustribus</strong></span> <span class='ocrx_word' id='word_1_75' title='bbox 425 1920 653 1996; x_wconf 80' lang='lat' dir='ltr'><strong>documentis</strong></span> <span class='ocrx_word' id='word_1_76' title='bbox 671 1919 893 1994; x_wconf 85' lang='lat' dir='ltr'><strong>incunabula</strong></span> <span class='ocrx_word' id='word_1_77' title='bbox 920 1921 995 1994; x_wconf 89' lang='lat' dir='ltr'><strong>sive</strong></span> <span class='ocrx_word' id='word_1_78' title='bbox 1012 1923 1195 1994; x_wconf 88' lang='lat' dir='ltr'><strong>malorum</strong></span> 
     </span>
     <span class='ocr_line' id='line_1_14' title="bbox 193 2039 1195 2139; baseline 0.001 -26"><span class='ocrx_word' id='word_1_79' title='bbox 193 2039 354 2114; x_wconf 88' lang='lat' dir='ltr'><strong>literatos</strong></span> <span class='ocrx_word' id='word_1_80' title='bbox 385 2041 482 2111; x_wconf 88' lang='lat' dir='ltr'><strong>viros</strong></span> <span class='ocrx_word' id='word_1_81' title='bbox 519 2041 766 2112; x_wconf 86' lang='lat' dir='ltr'><strong>exercentium</strong></span> <span class='ocrx_word' id='word_1_82' title='bbox 802 2065 947 2112; x_wconf 88' lang='lat' dir='ltr'><strong>causam</strong></span> <span class='ocrx_word' id='word_1_83' title='bbox 983 2042 1195 2139; x_wconf 89' lang='lat' dir='ltr'><strong>palmariam</strong></span> 
     </span>
     <span class='ocr_line' id='line_1_15' title="bbox 192 2159 1283 2257; baseline 0.004 -27"><span class='ocrx_word' id='word_1_84' title='bbox 192 2161 510 2256; x_wconf 83' lang='lat' dir='ltr'><strong>inquisiverimus,</strong></span> <span class='ocrx_word' id='word_1_85' title='bbox 536 2159 774 2257; x_wconf 89' lang='lat' dir='ltr'><strong>quamobrem</strong></span> <span class='ocrx_word' id='word_1_86' title='bbox 792 2175 845 2232; x_wconf 89' lang='lat' dir='ltr'><strong>tot</strong></span> <span class='ocrx_word' id='word_1_87' title='bbox 862 2161 908 2233; x_wconf 93' lang='lat' dir='ltr'><strong>ab</strong></span> <span class='ocrx_word' id='word_1_88' title='bbox 927 2161 1017 2233; x_wconf 88' lang='lat' dir='ltr'><strong>orbe</strong></span> <span class='ocrx_word' id='word_1_89' title='bbox 1044 2161 1194 2252; x_wconf 87' lang='lat' dir='ltr'><strong>condito</strong></span> <span class='ocrx_word' id='word_1_90' title='bbox 1280 2235 1283 2242; x_wconf 80' lang='grc'>,</span> 
     </span>
     <span class='ocr_line' id='line_1_16' title="bbox 194 2279 1193 2379; baseline 0.004 -28"><span class='ocrx_word' id='word_1_91' title='bbox 194 2294 230 2352; x_wconf 87' lang='lat' dir='ltr'><strong>et</strong></span> <span class='ocrx_word' id='word_1_92' title='bbox 253 2281 421 2352; x_wconf 89' lang='lat' dir='ltr'><strong>restituto</strong></span> <span class='ocrx_word' id='word_1_93' title='bbox 452 2279 678 2354; x_wconf 91' lang='lat' dir='ltr'><strong>eruditorum</strong></span> <span class='ocrx_word' id='word_1_94' title='bbox 708 2280 913 2376; x_wconf 86' lang='lat' dir='ltr'><strong>myriades,</strong></span> <span class='ocrx_word' id='word_1_95' title='bbox 946 2306 1071 2379; x_wconf 80' lang='lat' dir='ltr'><strong>graves</strong></span> <span class='ocrx_word' id='word_1_96' title='bbox 1101 2282 1193 2355; x_wconf 77' lang='lat' dir='ltr'><strong>adei)</strong></span> 
     </span>
     <span class='ocr_line' id='line_1_17' title="bbox 193 2401 1194 2500; baseline 0.004 -30"><span class='ocrx_word' id='word_1_97' title='bbox 193 2413 426 2498; x_wconf 87' lang='lat' dir='ltr'><strong>tempestates</strong></span> <span class='ocrx_word' id='word_1_98' title='bbox 451 2401 646 2493; x_wconf 84' lang='lat' dir='ltr'><strong>subierint,</strong></span> <span class='ocrx_word' id='word_1_99' title='bbox 670 2416 706 2473; x_wconf 92' lang='lat' dir='ltr'><strong>et</strong></span> <span class='ocrx_word' id='word_1_100' title='bbox 731 2402 811 2492; x_wconf 81' lang='lat' dir='ltr'><strong>vitae</strong></span> <span class='ocrx_word' id='word_1_101' title='bbox 839 2428 914 2473; x_wconf 92' lang='lat' dir='ltr'><strong>non</strong></span> <span class='ocrx_word' id='word_1_102' title='bbox 936 2405 1058 2474; x_wconf 89' lang='lat' dir='ltr'><strong>minus</strong></span> <span class='ocrx_word' id='word_1_103' title='bbox 1082 2427 1194 2500; x_wconf 92' lang='lat' dir='ltr'><strong>quam</strong></span> 
     </span>
     <span class='ocr_line' id='line_1_18' title="bbox 192 2517 1195 2619; baseline 0.005 -30"><span class='ocrx_word' id='word_1_104' title='bbox 192 2517 317 2610; x_wconf 73' lang='lat' dir='ltr'><strong>famae,</strong></span> <span class='ocrx_word' id='word_1_105' title='bbox 344 2521 448 2591; x_wconf 80' lang='lat' dir='ltr'><strong>fluxae</strong></span> <span class='ocrx_word' id='word_1_106' title='bbox 472 2518 654 2593; x_wconf 80' lang='lat' dir='ltr'><strong>felicitatis</strong></span> <span class='ocrx_word' id='word_1_107' title='bbox 681 2524 816 2619; x_wconf 87' lang='lat' dir='ltr'><strong>pariter</strong></span> <span class='ocrx_word' id='word_1_108' title='bbox 847 2547 889 2592; x_wconf 93' lang='lat' dir='ltr'><strong>ac</strong></span> <span class='ocrx_word' id='word_1_109' title='bbox 916 2522 1031 2595; x_wconf 78' lang='lat' dir='ltr'><strong>beatae</strong></span> <span class='ocrx_word' id='word_1_110' title='bbox 1058 2525 1195 2594; x_wconf 85' lang='lat' dir='ltr'><strong>aeterni·</strong></span> 
     </span>
     <span class='ocr_line' id='line_1_19' title="bbox 192 2643 1193 2742; baseline -0.001 -27"><span class='ocrx_word' id='word_1_111' title='bbox 192 2643 276 2716; x_wconf 84' lang='lat' dir='ltr'><strong>tatis</strong></span> <span class='ocrx_word' id='word_1_112' title='bbox 305 2643 445 2712; x_wconf 89' lang='lat' dir='ltr'><strong>tristem</strong></span> <span class='ocrx_word' id='word_1_113' title='bbox 481 2667 593 2740; x_wconf 85' lang='lat' dir='ltr'><strong>passae</strong></span> <span class='ocrx_word' id='word_1_114' title='bbox 625 2643 698 2714; x_wconf 90' lang='lat' dir='ltr'><strong>sint</strong></span> <span class='ocrx_word' id='word_1_115' title='bbox 728 2645 933 2739; x_wconf 86' lang='lat' dir='ltr'><strong>jacturam,</strong></span> <span class='ocrx_word' id='word_1_116' title='bbox 966 2648 1047 2742; x_wconf 91' lang='lat' dir='ltr'><strong>ipso</strong></span> <span class='ocrx_word' id='word_1_117' title='bbox 1084 2646 1193 2716; x_wconf 90' lang='lat' dir='ltr'><strong>meri-</strong></span> 
     </span>
     <span class='ocr_line' id='line_1_20' title="bbox 194 2759 1192 2862; baseline 0.005 -31"><span class='ocrx_word' id='word_1_118' title='bbox 194 2759 302 2840; x_wconf 85' lang='lat' dir='ltr'><strong>diano</strong></span> <span class='ocrx_word' id='word_1_119' title='bbox 327 2761 402 2832; x_wconf 90' lang='lat' dir='ltr'><strong>sole</strong></span> <span class='ocrx_word' id='word_1_120' title='bbox 428 2762 559 2834; x_wconf 82' lang='lat' dir='ltr'><strong>clarius</strong></span> <span class='ocrx_word' id='word_1_121' title='bbox 583 2763 784 2852; x_wconf 86' lang='lat' dir='ltr'><strong>elucescet,</strong></span> <span class='ocrx_word' id='word_1_122' title='bbox 808 2766 986 2862; x_wconf 89' lang='lat' dir='ltr'><strong>plurimos</strong></span> <span class='ocrx_word' id='word_1_123' title='bbox 1006 2771 1192 2837; x_wconf 89' lang='lat' dir='ltr'><strong>Musarum</strong></span> 
     </span>
     <span class='ocr_line' id='line_1_21' title="bbox 193 2881 1194 2983; baseline 0.005 -32"><span class='ocrx_word' id='word_1_124' title='bbox 193 2881 289 2952; x_wconf 88' lang='lat' dir='ltr'><strong>filios</strong></span> <span class='ocrx_word' id='word_1_125' title='bbox 315 2881 423 2980; x_wconf 71' lang='lat' dir='ltr'><strong>culpa</strong></span> <span class='ocrx_word' id='word_1_126' title='bbox 449 2909 525 2954; x_wconf 91' lang='lat' dir='ltr'><strong>non</strong></span> <span class='ocrx_word' id='word_1_127' title='bbox 551 2885 621 2955; x_wconf 89' lang='lat' dir='ltr'><strong>nisi</strong></span> <span class='ocrx_word' id='word_1_128' title='bbox 646 2887 795 2983; x_wconf 73' lang='lat' dir='ltr'><strong>proprii</strong></span> <span class='ocrx_word' id='word_1_129' title='bbox 823 2901 929 2958; x_wconf 84' lang='lat' dir='ltr'><strong>tantae</strong></span> <span class='ocrx_word' id='word_1_130' title='bbox 957 2887 1108 2958; x_wconf 77' lang='lat' dir='ltr'><strong>miseria</strong></span> <span class='ocrx_word' id='word_1_131' title='bbox 1133 2885 1194 2956; x_wconf 92' lang='lat' dir='ltr'><strong>ba·</strong></span> 
     </span>
     <span class='ocr_line' id='line_1_22' title="bbox 193 3003 1193 3103; baseline 0.004 -31"><span class='ocrx_word' id='word_1_132' title='bbox 193 3003 357 3073; x_wconf 87' lang='lat' dir='ltr'><strong>rathrum</strong></span> <span class='ocrx_word' id='word_1_133' title='bbox 386 3003 608 3093; x_wconf 89' lang='lat' dir='ltr'><strong>incurrisse,</strong></span> <span class='ocrx_word' id='word_1_134' title='bbox 641 3019 749 3102; x_wconf 90' lang='lat' dir='ltr'><strong>atque</strong></span> <span class='ocrx_word' id='word_1_135' title='bbox 781 3005 830 3080; x_wconf 92' lang='lat' dir='ltr'><strong>ob</strong></span> <span class='ocrx_word' id='word_1_136' title='bbox 859 3005 1050 3103; x_wconf 89' lang='lat' dir='ltr'><strong>pudendas</strong></span> <span class='ocrx_word' id='word_1_137' title='bbox 1082 3007 1193 3078; x_wconf 91' lang='lat' dir='ltr'><strong>animi</strong></span> 
     </span>
     <span class='ocr_line' id='line_1_23' title="bbox 194 3123 1192 3223; baseline 0.004 -29"><span class='ocrx_word' id='word_1_138' title='bbox 194 3125 250 3194; x_wconf 91' lang='lat' dir='ltr'><strong>sui</strong></span> <span class='ocrx_word' id='word_1_139' title='bbox 277 3123 378 3195; x_wconf 89' lang='lat' dir='ltr'><strong>labes</strong></span> <span class='ocrx_word' id='word_1_140' title='bbox 404 3126 531 3194; x_wconf 87' lang='lat' dir='ltr'><strong>iratam</strong></span> <span class='ocrx_word' id='word_1_141' title='bbox 558 3123 727 3197; x_wconf 90' lang='lat' dir='ltr'><strong>babuisse</strong></span> <span class='ocrx_word' id='word_1_142' title='bbox 755 3129 953 3215; x_wconf 86' lang='lat' dir='ltr'><strong>Nemesin,</strong></span> <span class='ocrx_word' id='word_1_143' title='bbox 986 3151 1068 3198; x_wconf 86' lang='lat' dir='ltr'><strong>cum</strong></span> <span class='ocrx_word' id='word_1_144' title='bbox 1086 3127 1101 3220; x_wconf 67' lang='lat' dir='ltr'><strong>,f</strong></span> <span class='ocrx_word' id='word_1_145' title='bbox 1112 3128 1192 3223; x_wconf 92' lang='lat' dir='ltr'><strong>ipso</strong></span> 
     </span>
     <span class='ocr_line' id='line_1_24' title="bbox 191 3245 1192 3345; baseline 0.004 -31"><span class='ocrx_word' id='word_1_146' title='bbox 191 3245 339 3316; x_wconf 82' lang='lat' dir='ltr'><strong>Platone</strong></span> <span class='ocrx_word' id='word_1_147' title='bbox 357 3245 614 3341; x_wconf 85' lang='lat' dir='ltr'><strong>enunciante),</strong></span> <span class='ocrx_word' id='word_1_148' title='bbox 631 3272 772 3336; x_wconf 70' lang='lat' dir='ltr'><strong>summu</strong></span> <span class='ocrx_word' id='word_1_149' title='bbox 790 3253 934 3344; x_wconf 74' lang='lat' dir='ltr'><strong>ingenia</strong></span> <span class='ocrx_word' id='word_1_150' title='bbox 951 3254 1100 3318; x_wconf 82' lang='lat' dir='ltr'><strong>summis</strong></span> <span class='ocrx_word' id='word_1_151' title='bbox 1109 3249 1192 3345; x_wconf 84' lang='lat' dir='ltr'><strong>ple-</strong></span> 
     </span>
     <span class='ocr_line' id='line_1_25' title="bbox 193 3367 1003 3468; baseline 0.007 -33"><span class='ocrx_word' id='word_1_152' title='bbox 193 3371 313 3463; x_wconf 84' lang='lat' dir='ltr'><strong>risque</strong></span> <span class='ocrx_word' id='word_1_153' title='bbox 338 3373 426 3438; x_wconf 79' lang='lat' dir='ltr'><strong>vitiis</strong></span> <span class='ocrx_word' id='word_1_154' title='bbox 451 3367 620 3439; x_wconf 84' lang='lat' dir='ltr'><strong>laborent.</strong></span> <span class='ocrx_word' id='word_1_155' title='bbox 997 3461 1003 3468; x_wconf 28' lang='grc'><em>,</em></span> 
     </span>
    </p>

    <p class='ocr_par' dir='ltr' id='par_1_4' title="bbox 116 3486 1193 4424">
     <span class='ocr_line' id='line_1_26' title="bbox 256 3486 1192 3584; baseline -0.002 -26"><span class='ocrx_word' id='word_1_156' title='bbox 256 3491 367 3558; x_wconf 88' lang='lat' dir='ltr'><strong>Tanta</strong></span> <span class='ocrx_word' id='word_1_157' title='bbox 395 3486 557 3584; x_wconf 90' lang='lat' dir='ltr'><strong>profecto</strong></span> <span class='ocrx_word' id='word_1_158' title='bbox 587 3501 819 3583; x_wconf 90' lang='lat' dir='ltr'><strong>peccatorum</strong></span> <span class='ocrx_word' id='word_1_159' title='bbox 851 3490 889 3558; x_wconf 93' lang='lat' dir='ltr'><strong>in</strong></span> <span class='ocrx_word' id='word_1_160' title='bbox 917 3487 1016 3558; x_wconf 84' lang='lat' dir='ltr'><strong>Orbe</strong></span> <span class='ocrx_word' id='word_1_161' title='bbox 1048 3487 1192 3558; x_wconf 88' lang='lat' dir='ltr'><strong>literato</strong></span> 
     </span>
     <span class='ocr_line' id='line_1_27' title="bbox 158 3604 1193 3705; baseline 0.005 -32"><span class='ocrx_word' id='word_1_162' title='bbox 158 3691 160 3698; x_wconf 28' lang='grc' dir='ltr'>Ι</span> <span class='ocrx_word' id='word_1_163' title='bbox 193 3606 407 3703; x_wconf 83' lang='lat' dir='ltr'><strong>magnitudo</strong></span> <span class='ocrx_word' id='word_1_164' title='bbox 433 3631 575 3703; x_wconf 88' lang='lat' dir='ltr'><strong>semper</strong></span> <span class='ocrx_word' id='word_1_165' title='bbox 602 3604 691 3694; x_wconf 90' lang='lat' dir='ltr'><strong>fuit,</strong></span> <span class='ocrx_word' id='word_1_166' title='bbox 718 3623 891 3705; x_wconf 91' lang='lat' dir='ltr'><strong>tantaque</strong></span> <span class='ocrx_word' id='word_1_167' title='bbox 918 3606 1122 3704; x_wconf 85' lang='lat' dir='ltr'><strong>frequentia</strong></span> <span class='ocrx_word' id='word_1_168' title='bbox 1151 3621 1193 3678; x_wconf 89' lang='lat' dir='ltr'><strong>nt</strong></span> 
     </span>
     <span class='ocr_line' id='line_1_28' title="bbox 193 3725 1192 3825; baseline 0.003 -30"><span class='ocrx_word' id='word_1_169' title='bbox 193 3727 428 3798; x_wconf 69' lang='lat' dir='ltr'><strong>concatenati</strong></span> <span class='ocrx_word' id='word_1_170' title='bbox 460 3729 562 3822; x_wconf 88' lang='lat' dir='ltr'><strong>quasi</strong></span> <span class='ocrx_word' id='word_1_171' title='bbox 597 3725 759 3798; x_wconf 89' lang='lat' dir='ltr'><strong>sordium</strong></span> <span class='ocrx_word' id='word_1_172' title='bbox 798 3743 907 3825; x_wconf 90' lang='lat' dir='ltr'><strong>atque</strong></span> <span class='ocrx_word' id='word_1_173' title='bbox 940 3729 1192 3824; x_wconf 88' lang='lat' dir='ltr'><strong>impuritatum</strong></span> 
     </span>
     <span class='ocr_line' id='line_1_29' title="bbox 194 3847 1192 3943; baseline 0.003 -27"><span class='ocrx_word' id='word_1_174' title='bbox 194 3847 285 3916; x_wconf 88' lang='lat' dir='ltr'><strong>serie</strong></span> <span class='ocrx_word' id='word_1_175' title='bbox 311 3851 367 3917; x_wconf 88' lang='lat' dir='ltr'><strong>SS.</strong></span> <span class='ocrx_word' id='word_1_176' title='bbox 388 3847 555 3917; x_wconf 90' lang='lat' dir='ltr'><strong>Numinis</strong></span> <span class='ocrx_word' id='word_1_177' title='bbox 578 3848 801 3943; x_wconf 87' lang='lat' dir='ltr'><strong>Majestatem</strong></span> <span class='ocrx_word' id='word_1_178' title='bbox 827 3847 1072 3919; x_wconf 89' lang='lat' dir='ltr'><strong>lacessiverint</strong></span> <span class='ocrx_word' id='word_1_179' title='bbox 1094 3848 1192 3919; x_wconf 73' lang='lat' dir='ltr'><strong>lasse·</strong></span> 
     </span>
     <span class='ocr_line' id='line_1_30' title="bbox 192 3965 1191 4064; baseline 0.004 -28"><span class='ocrx_word' id='word_1_180' title='bbox 192 3968 340 4062; x_wconf 88' lang='lat' dir='ltr'><strong>rintque</strong></span> <span class='ocrx_word' id='word_1_181' title='bbox 363 3965 554 4036; x_wconf 88' lang='lat' dir='ltr'><strong>doctorum</strong></span> <span class='ocrx_word' id='word_1_182' title='bbox 582 3965 771 4038; x_wconf 91' lang='lat' dir='ltr'><strong>hominnm</strong></span> <span class='ocrx_word' id='word_1_183' title='bbox 801 3969 1006 4056; x_wconf 92' lang='lat' dir='ltr'><strong>innumeri,</strong></span> <span class='ocrx_word' id='word_1_184' title='bbox 1041 3969 1191 4064; x_wconf 85' lang='lat' dir='ltr'><strong>ejusque</strong></span> 
     </span>
     <span class='ocr_line' id='line_1_31' title="bbox 116 4076 1190 4186; baseline 0.004 -31"><span class='ocrx_word' id='word_1_185' title='bbox 116 4105 118 4108; x_wconf 88' lang='grc'><strong><em>·</em></strong></span> <span class='ocrx_word' id='word_1_186' title='bbox 189 4076 365 4180; x_wconf 82' lang='lat' dir='ltr'><strong>justitiam</strong></span> <span class='ocrx_word' id='word_1_187' title='bbox 388 4087 427 4156; x_wconf 94' lang='lat' dir='ltr'><strong>in</strong></span> <span class='ocrx_word' id='word_1_188' title='bbox 450 4089 649 4182; x_wconf 88' lang='lat' dir='ltr'><strong>temporale</strong></span> <span class='ocrx_word' id='word_1_189' title='bbox 674 4115 747 4160; x_wconf 91' lang='lat' dir='ltr'><strong>non</strong></span> <span class='ocrx_word' id='word_1_190' title='bbox 773 4091 894 4160; x_wconf 93' lang='lat' dir='ltr'><strong>minus</strong></span> <span class='ocrx_word' id='word_1_191' title='bbox 920 4114 1029 4185; x_wconf 88' lang='lat' dir='ltr'><strong>quam</strong></span> <span class='ocrx_word' id='word_1_192' title='bbox 1058 4091 1190 4186; x_wconf 87' lang='lat' dir='ltr'><strong>sempi-</strong></span> 
     </span>
     <span class='ocr_line' id='line_1_32' title="bbox 192 4193 1188 4308; baseline 0.004 -33"><span class='ocrx_word' id='word_1_193' title='bbox 192 4207 338 4278; x_wconf 88' lang='lat' dir='ltr'><strong>ternum</strong></span> <span class='ocrx_word' id='word_1_194' title='bbox 373 4193 432 4277; x_wconf 84' lang='lat' dir='ltr'><strong>sui</strong></span> <span class='ocrx_word' id='word_1_195' title='bbox 466 4209 615 4280; x_wconf 85' lang='lat' dir='ltr'><strong>exitium</strong></span> <span class='ocrx_word' id='word_1_196' title='bbox 650 4235 692 4286; x_wconf 87' lang='lat' dir='ltr'><strong>ac</strong></span> <span class='ocrx_word' id='word_1_197' title='bbox 728 4233 933 4308; x_wconf 87' lang='lat' dir='ltr'><strong>perennans</strong></span> <span class='ocrx_word' id='word_1_198' title='bbox 970 4211 1188 4308; x_wconf 89' lang='lat' dir='ltr'><strong>supplicium</strong></span> 
     </span>
     <span class='ocr_line' id='line_1_33' title="bbox 191 4329 432 4424; baseline 0.004 -27"><span class='ocrx_word' id='word_1_199' title='bbox 191 4329 432 4424; x_wconf 87' lang='lat' dir='ltr'><strong>provocarint.</strong></span> 
     </span>
    </p>
   </div>
   <div class='ocr_carea' id='block_1_3' title="bbox 0 0 1609 5168">
    <p class='ocr_par' dir='ltr' id='par_1_5' title="bbox 0 0 1609 5168">
     <span class='ocr_line' id='line_1_34' title="bbox 0 0 1609 5168; baseline 0 0"><span class='ocrx_word' id='word_1_200' title='bbox 0 0 1609 5168; x_wconf 95' lang='lat' dir='ltr'><strong> </strong></span> 
     </span>
    </p>
   </div>
  </div>
 </body>
</html>
