3202 5168
842 413 981 518 (xm

402 565 605 665 Hyppoliti,
630 561 845 655 Alexandri,
866 580 903 638 et
923 565 1097 637 Caterinae
1117 580 1294 664 nepotum
1320 561 1408 639 edu«

401 689 583 760 rationem
602 689 771 759 Clemens
790 688 1014 758 commiserit
1035 713 1043 756 ε
1064 711 1192 758 eorum
1217 688 1307 758 alter
1325 693 1408 760 Car.

403 809 560 898 dinalis,
589 809 679 880 alter
699 813 784 883 Dux
809 809 932 904 patriae
959 809 1122 905 primus,
1150 809 1256 880 tertia
1282 810 1406 879 Gallo·
1473 854 1476 858 -

401 955 484 1001 rum
513 952 565 1000 ex·
581 909 775 1000 connubio
798 929 934 1026 Regina
965 928 1192 1024 perennibus
1224 931 1405 1001 virtutum

404 1052 579 1148 cumulis,
604 1050 781 1121 illustrem
809 1064 1053 1146 aeternamque
1076 1052 1307 1147 praeceptoris
1329 1074 1405 1122 me·

404 1172 558 1244 moriam
584 1170 790 1242 reddidere.
1089 1167 1093 1177 '

434 1291 508 1364 nb
524 1289 688 1390 ‘opiferis
713 1293 866 1363 istorum
891 1292 1076 1380 manibus,
1101 1307 1236 1390 quanta
1263 1292 1332 1364 sibi
1352 1294 1406 1366 rei

404 1413 588 1485 familiaris
606 1415 811 1512 potuissent
829 1415 1023 1503 accedere,
1040 1412 1295 1486 refertissimus
1314 1413 1408 1486 litte·

406 1549 529 1606 torum
561 1548 670 1605 caetus
704 1534 954 1606 Mediceorum
985 1534 1235 1608 munificentia
1267 1548 1406 1633 specta·

405 1655 490 1726 bilis
510 1655 624 1750 judex
649 1668 738 1726 esto.
765 1661 847 1752 Ipse
874 1669 996 1726 tamen
1017 1655 1126 1726 insito
1147 1655 1308 1752 quodam
1330 1677 1406 1726 me-

405 1775 603 1846 diocritatis
629 1759 801 1863 adfectu,
841 1777 914 1847 suis
943 1777 1027 1846 satis
1054 1775 1166 1846 rebus
1198 1776 1405 1847 consultum

404 1894 483 1967 lore
519 1898 689 1994 putavit,
728 1898 758 1967 si
791 1897 946 1984 honesto
982 1897 1019 1965 in
1055 1879 1131 1967 otio
1172 1895 1218 1966 ab
1257 1896 1405 1968 urbanis

368 2102 371 2108 Ι
406 2025 595 2116 exemptus
620 2018 740 2105 curis',
774 2041 873 2088 sacra
906 2017 1033 2088 Musis·
1057 2015 1175 2087 facere
1204 2017 1405 2114 pro'libito

377 2153 538 2235 ·posset.

449 2253 504 2331 ¹dc
526 2257 619 2331 illud
649 2259 833 2332 obfirmati
861 2260 939 2354 ejus
965 2259 1100 2327 virtute
1124 2260 1234 2328 animi
1261 2271 1407 2356 praestet

405 2378 542 2468 fidem,
572 2381 674 2476 quod
701 2381 859 2474 primum
889 2378 1149 2474 Justinopolis,
1181 2404 1266 2448 mox
1299 2381 1406 2450 etiam

404 2501 600 2572 Avenionis
621 2500 832 2597 designatus
847 2501 1010 2586 antisteS‚
1036 2513 1233 2596 utrumque
1255 2500 1406 2572 honoris

406 2634 443 2692 et
476 2621 621 2718 pietatis
661 2644 796 2691 munus
838 2620 1126 2690 constantissime
1164 2620 1406 2708 detrectavit,

405 2742 514 2811 unica
542 2741 811 2838 prothonotarii
835 2741 1038 2837 apostolici,
1066 2754 1102 2811 et
1128 2742 1270 2811 comitis
1294 2740 1407 2837 digni·

406 2875 478 2933 tate
500 2875 704 2933 contentus.

460 2984 547 3078 Ejus
578 2985 710 3079 scripta
738 3006 822 3052 cum
852 2986 1019 3080 poetica,
1049 2996 1129 3052 tum
1159 2969 1334 3079 physica,
1371 2996 1407 3051 et

404 3101 594 3192 historica,
620 3118 655 3174 et
679 3105 857 3190 oratoria,
877 3115 1069 3172 versantur
1084 3104 1159 3197 jam
1178 3102 1405 3172 eruditorum

404 3225 444 3294 in
470 3223 641 3295 manibus
667 3226 824 3320 peracris
851 3224 987 3320 ingenii
1013 3222 1149 3292 adscita
1171 3221 1294 3310 laude,
1322 3245 1406 3293 cum

405 3370 490 3416 vere
522 3347 560 3414 in
590 3346 740 3442 singulis
771 3335 898 3416 'solidae
927 3367 1059 3414 nervos
1097 3342 1269 3412 doctrinae
1298 3343 1405 3412 liceat

404 3489 620 3562 agnoscere,
637 3466 695 3537 vel
715 3464 752 3535 id
773 3490 915 3537 summo
938 3479 1093 3535 testante
1114 3462 1317 3559 Scaliger0,
1343 3464 1407 3557 qui

403 3587 561 3657 Piem'um
598 3599 713 3682 poetae
737 3587 895 3656 nomine
928 3608 1078 3683 prorsus
1120 3583 1295 3680 dignum,
1330 3607 1407 3651 non

402 3705 661 3778 versificatoris
688 3705 854 3777 affirmat.
955 3749 959 3756 ·

453 3826 751 3924 Vulgatissimum
779 3829 1015 3925 praecaeteris
1042 3821 1407 3921 Hyerogliphicorum

406 3970 523 4044 opus,
563 3947 666 4044 quod
694 3972 843 4019 arcanas
867 3950 1115 4046 AEgyptiorum
1143 3943 1253 4018 refert
1279 3957 1407 4030 notas,

343 4105 345 4110 ·
405 4066 495 4137 dum
523 4069 685 4138 curiosos
715 4070 942 4165 antiquitatis
973 4068 1095 4139 reddit
1126 4065 1274 4137 abunde
1308 4052 1407 4134 ¹'satu-

404 4211 487 4277 res,
522 4188 694 4286 praeclara
721 4190 897 4276 moralis,
922 4211 976 4290 'ac
1007 4190 1162 4287 politicae
1188 4186 1407 4268 documenta
