<?xml version="1.0" encoding="UTF-8"?>
<!DOCTYPE html PUBLIC "-//W3C//DTD XHTML 1.0 Transitional//EN"
    "http://www.w3.org/TR/xhtml1/DTD/xhtml1-transitional.dtd">
<html xmlns="http://www.w3.org/1999/xhtml" xml:lang="en" lang="en">
 <head>
  <title>
</title>
<meta http-equiv="Content-Type" content="text/html;charset=utf-8" />
  <meta name='ocr-system' content='tesseract 3.04.00' />
  <meta name='ocr-capabilities' content='ocr_page ocr_carea ocr_par ocr_line ocrx_word'/>
</head>
<body>
  <div class='ocr_page' id='page_1' title='image "./joannispieriiva01valegoog_0068.png"; bbox 0 0 3202 5168; ppageno 0'>
   <div class='ocr_carea' id='block_1_1' title="bbox 346 431 1149 498">
    <p class='ocr_par' dir='ltr' id='par_1_1' title="bbox 346 431 1149 498">
     <span class='ocr_line' id='line_1_1' title="bbox 346 431 1149 498; baseline 0 -2"><span class='ocrx_word' id='word_1_1' title='bbox 346 443 577 496; x_wconf 82' lang='lat' dir='ltr'><strong>erranaronuas</strong></span> <span class='ocrx_word' id='word_1_2' title='bbox 599 441 814 495; x_wconf 80' lang='lat' dir='ltr'><strong>Isrrnrerrsrs.</strong></span> <span class='ocrx_word' id='word_1_3' title='bbox 856 436 917 493; x_wconf 86' lang='lat' dir='ltr'>Lib.</span> <span class='ocrx_word' id='word_1_4' title='bbox 941 442 963 494; x_wconf 91' lang='lat'><strong>1·</strong></span> <span class='ocrx_word' id='word_1_5' title='bbox 1110 431 1149 498; x_wconf 83' lang='grc'><strong>37</strong></span> 
     </span>
    </p>
   </div>
   <div class='ocr_carea' id='block_1_2' title="bbox 156 561 1161 2890">
    <p class='ocr_par' dir='ltr' id='par_1_2' title="bbox 156 561 1161 2890">
     <span class='ocr_line' id='line_1_2' title="bbox 156 561 1149 635; baseline -0.003 -12"><span class='ocrx_word' id='word_1_6' title='bbox 156 579 217 623; x_wconf 88' lang='lat' dir='ltr'><strong>tur.</strong></span> <span class='ocrx_word' id='word_1_7' title='bbox 232 568 295 622; x_wconf 82' lang='lat' dir='ltr'><strong>Jans</strong></span> <span class='ocrx_word' id='word_1_8' title='bbox 314 566 478 635; x_wconf 70' lang='lat' dir='ltr'>sodalibus,</span> <span class='ocrx_word' id='word_1_9' title='bbox 496 565 551 621; x_wconf 84' lang='lat' dir='ltr'><strong>iam</strong></span> <span class='ocrx_word' id='word_1_10' title='bbox 576 561 855 620; x_wconf 68' lang='lat' dir='ltr'><strong>deambulationibus</strong></span> <span class='ocrx_word' id='word_1_11' title='bbox 877 563 1012 620; x_wconf 88' lang='lat' dir='ltr'><strong>delectari</strong></span> <span class='ocrx_word' id='word_1_12' title='bbox 1029 561 1149 620; x_wconf 77' lang='lat' dir='ltr'><strong>videba-</strong></span> 
     </span>
     <span class='ocr_line' id='line_1_3' title="bbox 161 665 1150 743; baseline -0.003 -17"><span class='ocrx_word' id='word_1_13' title='bbox 161 679 218 726; x_wconf 86' lang='lat' dir='ltr'><strong>tur.</strong></span> <span class='ocrx_word' id='word_1_14' title='bbox 246 669 380 740; x_wconf 82' lang='lat' dir='ltr'><strong>Quodam</strong></span> <span class='ocrx_word' id='word_1_15' title='bbox 408 668 496 743; x_wconf 80' lang='lat' dir='ltr'><strong>igitur</strong></span> <span class='ocrx_word' id='word_1_16' title='bbox 524 667 593 735; x_wconf 86' lang='lat' dir='ltr'><strong>die,</strong></span> <span class='ocrx_word' id='word_1_17' title='bbox 627 667 678 740; x_wconf 89' lang='lat' dir='ltr'><strong>qui</strong></span> <span class='ocrx_word' id='word_1_18' title='bbox 702 665 790 722; x_wconf 83' lang='lat' dir='ltr'><strong>festus</strong></span> <span class='ocrx_word' id='word_1_19' title='bbox 825 679 904 736; x_wconf 86' lang='lat' dir='ltr'><strong>erat,</strong></span> <span class='ocrx_word' id='word_1_20' title='bbox 936 668 1036 739; x_wconf 80' lang='lat' dir='ltr'><strong>Gysius</strong></span> <span class='ocrx_word' id='word_1_21' title='bbox 1067 685 1150 723; x_wconf 88' lang='lat' dir='ltr'><strong>mane</strong></span> 
     </span>
     <span class='ocr_line' id='line_1_4' title="bbox 162 755 1149 842; baseline -0.004 -14"><span class='ocrx_word' id='word_1_22' title='bbox 162 773 200 828; x_wconf 89' lang='lat' dir='ltr'><strong>ad</strong></span> <span class='ocrx_word' id='word_1_23' title='bbox 234 773 340 827; x_wconf 83' lang='lat' dir='ltr'><strong>lectum</strong></span> <span class='ocrx_word' id='word_1_24' title='bbox 370 769 472 839; x_wconf 87' lang='lat' dir='ltr'><strong>adest,</strong></span> <span class='ocrx_word' id='word_1_25' title='bbox 497 769 626 825; x_wconf 86' lang='lat' dir='ltr'><strong>Priulum</strong></span> <span class='ocrx_word' id='word_1_26' title='bbox 657 778 691 823; x_wconf 88' lang='lat' dir='ltr'><strong>nt</strong></span> <span class='ocrx_word' id='word_1_27' title='bbox 718 755 848 837; x_wconf 80' lang='lat' dir='ltr'><strong>babeat,</strong></span> <span class='ocrx_word' id='word_1_28' title='bbox 879 781 1073 842; x_wconf 88' lang='lat' dir='ltr'><strong>percontatur.</strong></span> <span class='ocrx_word' id='word_1_29' title='bbox 1107 771 1149 825; x_wconf 86' lang='lat' dir='ltr'><strong>Ex</strong></span> 
     </span>
     <span class='ocr_line' id='line_1_5' title="bbox 160 870 1152 947; baseline -0.002 -18"><span class='ocrx_word' id='word_1_30' title='bbox 160 886 247 944; x_wconf 81' lang='lat' dir='ltr'><strong>voto,</strong></span> <span class='ocrx_word' id='word_1_31' title='bbox 266 875 313 928; x_wconf 92' lang='lat' dir='ltr'><strong>ille</strong></span> <span class='ocrx_word' id='word_1_32' title='bbox 338 872 496 947; x_wconf 84' lang='lat' dir='ltr'><strong>respondit.</strong></span> <span class='ocrx_word' id='word_1_33' title='bbox 518 873 682 945; x_wconf 77' lang='lat' dir='ltr'><strong>interrogat</strong></span> <span class='ocrx_word' id='word_1_34' title='bbox 704 870 827 942; x_wconf 82' lang='lat' dir='ltr'><strong>Gyst‘us,</strong></span> <span class='ocrx_word' id='word_1_35' title='bbox 850 887 887 924; x_wconf 86' lang='lat' dir='ltr'><strong>an</strong></span> <span class='ocrx_word' id='word_1_36' title='bbox 910 870 977 926; x_wconf 80' lang='lat' dir='ltr'><strong>velit</strong></span> <span class='ocrx_word' id='word_1_37' title='bbox 999 889 1095 926; x_wconf 90' lang='lat' dir='ltr'><strong>secum</strong></span> <span class='ocrx_word' id='word_1_38' title='bbox 1113 871 1152 927; x_wconf 81' lang='lat' dir='ltr'><strong>ati</strong></span> 
     </span>
     <span class='ocr_line' id='line_1_6' title="bbox 162 970 1153 1051; baseline -0.004 -19"><span class='ocrx_word' id='word_1_39' title='bbox 162 976 322 1051; x_wconf 82' lang='lat' dir='ltr'><strong>proximam</strong></span> <span class='ocrx_word' id='word_1_40' title='bbox 343 973 511 1043; x_wconf 62' lang='lat' dir='ltr'><strong>adiculam,</strong></span> <span class='ocrx_word' id='word_1_41' title='bbox 535 973 595 1028; x_wconf 91' lang='lat' dir='ltr'><strong>eius</strong></span> <span class='ocrx_word' id='word_1_42' title='bbox 617 970 674 1027; x_wconf 87' lang='lat' dir='ltr'><strong>diei</strong></span> <span class='ocrx_word' id='word_1_43' title='bbox 694 971 759 1028; x_wconf 81' lang='lat' dir='ltr'><strong>sesti</strong></span> <span class='ocrx_word' id='word_1_44' title='bbox 779 989 878 1040; x_wconf 88' lang='lat' dir='ltr'><strong>causa,</strong></span> <span class='ocrx_word' id='word_1_45' title='bbox 896 971 939 1027; x_wconf 85' lang='lat' dir='ltr'><strong>rei</strong></span> <span class='ocrx_word' id='word_1_46' title='bbox 958 989 1042 1029; x_wconf 84' lang='lat' dir='ltr'><strong>sacrae</strong></span> <span class='ocrx_word' id='word_1_47' title='bbox 1063 973 1153 1029; x_wconf 82' lang='lat' dir='ltr'><strong>inter·</strong></span> 
     </span>
     <span class='ocr_line' id='line_1_7' title="bbox 162 1074 1153 1150; baseline -0.001 -17"><span class='ocrx_word' id='word_1_48' title='bbox 162 1077 281 1133; x_wconf 79' lang='lat' dir='ltr'><strong>futurus</strong></span> <span class='ocrx_word' id='word_1_49' title='bbox 296 1077 446 1146; x_wconf 80' lang='lat' dir='ltr'><strong>accedere,</strong></span> <span class='ocrx_word' id='word_1_50' title='bbox 469 1094 529 1150; x_wconf 89' lang='lat' dir='ltr'><strong>quo</strong></span> <span class='ocrx_word' id='word_1_51' title='bbox 549 1093 608 1130; x_wconf 89' lang='lat' dir='ltr'><strong>nou</strong></span> <span class='ocrx_word' id='word_1_52' title='bbox 628 1085 778 1130; x_wconf 87' lang='lat' dir='ltr'><strong>contanter</strong></span> <span class='ocrx_word' id='word_1_53' title='bbox 798 1074 998 1147; x_wconf 81' lang='lat' dir='ltr'><strong>promittente,</strong></span> <span class='ocrx_word' id='word_1_54' title='bbox 1019 1075 1153 1132; x_wconf 81' lang='lat' dir='ltr'><strong>hortatur</strong></span> 
     </span>
     <span class='ocr_line' id='line_1_8' title="bbox 163 1177 1154 1256; baseline -0.003 -20"><span class='ocrx_word' id='word_1_55' title='bbox 163 1180 285 1256; x_wconf 83' lang='lat' dir='ltr'><strong>Gysius,</strong></span> <span class='ocrx_word' id='word_1_56' title='bbox 311 1181 417 1234; x_wconf 82' lang='lat' dir='ltr'><strong>lectulo</strong></span> <span class='ocrx_word' id='word_1_57' title='bbox 441 1189 558 1254; x_wconf 76' lang='lat' dir='ltr'><strong>surgat,</strong></span> <span class='ocrx_word' id='word_1_58' title='bbox 591 1193 679 1252; x_wconf 86' lang='lat' dir='ltr'><strong>seque</strong></span> <span class='ocrx_word' id='word_1_59' title='bbox 707 1177 840 1234; x_wconf 81' lang='lat' dir='ltr'><strong>adornet.</strong></span> <span class='ocrx_word' id='word_1_60' title='bbox 867 1180 943 1234; x_wconf 81' lang='lat' dir='ltr'><strong>Rene</strong></span> <span class='ocrx_word' id='word_1_61' title='bbox 966 1188 1030 1247; x_wconf 91' lang='lat' dir='ltr'><strong>est,</strong></span> <span class='ocrx_word' id='word_1_62' title='bbox 1059 1177 1154 1250; x_wconf 87' lang='lat' dir='ltr'><strong>inquit</strong></span> 
     </span>
     <span class='ocr_line' id='line_1_9' title="bbox 163 1275 1152 1350; baseline -0.005 -11"><span class='ocrx_word' id='word_1_63' title='bbox 163 1281 292 1350; x_wconf 82' lang='lat' dir='ltr'><strong>Priulus,</strong></span> <span class='ocrx_word' id='word_1_64' title='bbox 318 1281 431 1336; x_wconf 85' lang='lat' dir='ltr'><strong>iamiam</strong></span> <span class='ocrx_word' id='word_1_65' title='bbox 458 1280 614 1336; x_wconf 86' lang='lat' dir='ltr'><strong>instructus</strong></span> <span class='ocrx_word' id='word_1_66' title='bbox 632 1275 739 1350; x_wconf 80' lang='lat' dir='ltr'><strong>adero,</strong></span> <span class='ocrx_word' id='word_1_67' title='bbox 762 1290 791 1334; x_wconf 90' lang='lat' dir='ltr'><strong>et</strong></span> <span class='ocrx_word' id='word_1_68' title='bbox 815 1291 884 1342; x_wconf 89' lang='lat' dir='ltr'><strong>tunc</strong></span> <span class='ocrx_word' id='word_1_69' title='bbox 905 1278 1013 1335; x_wconf 82' lang='lat' dir='ltr'><strong>famulo</strong></span> <span class='ocrx_word' id='word_1_70' title='bbox 1036 1279 1152 1349; x_wconf 86' lang='lat' dir='ltr'><strong>innuit,</strong></span> 
     </span>
     <span class='ocr_line' id='line_1_10' title="bbox 164 1379 1154 1442; baseline -0.001 -3"><span class='ocrx_word' id='word_1_71' title='bbox 164 1395 198 1439; x_wconf 91' lang='lat' dir='ltr'><strong>ut</strong></span> <span class='ocrx_word' id='word_1_72' title='bbox 223 1383 326 1438; x_wconf 90' lang='lat' dir='ltr'><strong>lineam</strong></span> <span class='ocrx_word' id='word_1_73' title='bbox 351 1383 475 1438; x_wconf 85' lang='lat' dir='ltr'><strong>tunicam</strong></span> <span class='ocrx_word' id='word_1_74' title='bbox 497 1383 663 1439; x_wconf 78' lang='lat' dir='ltr'><strong>interiorem</strong></span> <span class='ocrx_word' id='word_1_75' title='bbox 688 1379 907 1442; x_wconf 79' lang='lat' dir='ltr'><strong>concalefactam</strong></span> <span class='ocrx_word' id='word_1_76' title='bbox 933 1381 1046 1438; x_wconf 82' lang='lat' dir='ltr'><strong>afferat.</strong></span> <span class='ocrx_word' id='word_1_77' title='bbox 1084 1383 1154 1438; x_wconf 80' lang='lat' dir='ltr'><strong>Abit</strong></span> 
     </span>
     <span class='ocr_line' id='line_1_11' title="bbox 168 1481 1152 1560; baseline -0.002 -17"><span class='ocrx_word' id='word_1_78' title='bbox 168 1487 269 1558; x_wconf 81' lang='lat' dir='ltr'><strong>Gysius</strong></span> <span class='ocrx_word' id='word_1_79' title='bbox 286 1485 330 1541; x_wconf 86' lang='lat' dir='ltr'><strong>his</strong></span> <span class='ocrx_word' id='word_1_80' title='bbox 349 1483 495 1560; x_wconf 89' lang='lat' dir='ltr'><strong>inspectis,</strong></span> <span class='ocrx_word' id='word_1_81' title='bbox 517 1485 617 1558; x_wconf 88' lang='lat' dir='ltr'><strong>utqui</strong></span> <span class='ocrx_word' id='word_1_82' title='bbox 636 1484 706 1539; x_wconf 86' lang='lat' dir='ltr'><strong>nihil</strong></span> <span class='ocrx_word' id='word_1_83' title='bbox 727 1484 846 1539; x_wconf 90' lang='lat' dir='ltr'><strong>ulterius</strong></span> <span class='ocrx_word' id='word_1_84' title='bbox 863 1483 929 1539; x_wconf 90' lang='lat' dir='ltr'><strong>mali</strong></span> <span class='ocrx_word' id='word_1_85' title='bbox 951 1481 1152 1559; x_wconf 74' lang='lat' dir='ltr'><strong>suspicaretur.</strong></span> 
     </span>
     <span class='ocr_line' id='line_1_12' title="bbox 166 1577 1155 1648; baseline -0.001 -5"><span class='ocrx_word' id='word_1_86' title='bbox 166 1591 243 1644; x_wconf 86' lang='lat' dir='ltr'><strong>Dum</strong></span> <span class='ocrx_word' id='word_1_87' title='bbox 267 1589 337 1642; x_wconf 81' lang='lat' dir='ltr'><strong>verb</strong></span> <span class='ocrx_word' id='word_1_88' title='bbox 363 1577 487 1648; x_wconf 78' lang='lat' dir='ltr'><strong>famulus</strong></span> <span class='ocrx_word' id='word_1_89' title='bbox 519 1586 664 1642; x_wconf 78' lang='lat' dir='ltr'><strong>indusium</strong></span> <span class='ocrx_word' id='word_1_90' title='bbox 693 1586 748 1646; x_wconf 87' lang='lat' dir='ltr'><strong>alio</strong></span> <span class='ocrx_word' id='word_1_91' title='bbox 773 1586 905 1642; x_wconf 89' lang='lat' dir='ltr'><strong>cubiculo</strong></span> <span class='ocrx_word' id='word_1_92' title='bbox 933 1586 1155 1642; x_wconf 78' lang='lat' dir='ltr'><strong>calefaciendum</strong></span> 
     </span>
     <span class='ocr_line' id='line_1_13' title="bbox 166 1685 1154 1764; baseline 0.001 -19"><span class='ocrx_word' id='word_1_93' title='bbox 166 1701 267 1761; x_wconf 88' lang='lat' dir='ltr'><strong>curat,</strong></span> <span class='ocrx_word' id='word_1_94' title='bbox 298 1690 411 1746; x_wconf 90' lang='lat' dir='ltr'><strong>Priulus</strong></span> <span class='ocrx_word' id='word_1_95' title='bbox 439 1699 560 1764; x_wconf 88' lang='lat' dir='ltr'><strong>tempus·</strong></span> <span class='ocrx_word' id='word_1_96' title='bbox 583 1689 614 1745; x_wconf 88' lang='lat' dir='ltr'><strong>id</strong></span> <span class='ocrx_word' id='word_1_97' title='bbox 644 1685 767 1762; x_wconf 75' lang='lat' dir='ltr'><strong>nactus,</strong></span> <span class='ocrx_word' id='word_1_98' title='bbox 802 1707 862 1763; x_wconf 85' lang='lat' dir='ltr'><strong>quo</strong></span> <span class='ocrx_word' id='word_1_99' title='bbox 896 1690 1039 1747; x_wconf 82' lang='lat' dir='ltr'><strong>cubiculo</strong></span> <span class='ocrx_word' id='word_1_100' title='bbox 1056 1707 1154 1746; x_wconf 83' lang='lat' dir='ltr'><strong>omnes</strong></span> 
     </span>
     <span class='ocr_line' id='line_1_14' title="bbox 156 1792 1154 1868; baseline -0.001 -20"><span class='ocrx_word' id='word_1_101' title='bbox 156 1804 360 1862; x_wconf 47' lang='lat' dir='ltr'><strong>&#39;excesserann</strong></span> <span class='ocrx_word' id='word_1_102' title='bbox 383 1792 493 1867; x_wconf 78' lang='lat' dir='ltr'><strong>pernici</strong></span> <span class='ocrx_word' id='word_1_103' title='bbox 518 1793 591 1848; x_wconf 88' lang='lat' dir='ltr'><strong>saltu</strong></span> <span class='ocrx_word' id='word_1_104' title='bbox 611 1792 641 1846; x_wconf 87' lang='lat' dir='ltr'><strong>in</strong></span> <span class='ocrx_word' id='word_1_105' title='bbox 661 1792 814 1847; x_wconf 72' lang='lat' dir='ltr'><strong>fenestram</strong></span> <span class='ocrx_word' id='word_1_106' title='bbox 835 1809 896 1848; x_wconf 86' lang='lat' dir='ltr'><strong>sese</strong></span> <span class='ocrx_word' id='word_1_107' title='bbox 915 1793 1081 1868; x_wconf 85' lang='lat' dir='ltr'><strong>proripuit,</strong></span> <span class='ocrx_word' id='word_1_108' title='bbox 1101 1793 1154 1848; x_wconf 89' lang='lat' dir='ltr'><strong>de-</strong></span> 
     </span>
     <span class='ocr_line' id='line_1_15' title="bbox 168 1894 1155 1970; baseline 0.001 -21"><span class='ocrx_word' id='word_1_109' title='bbox 168 1913 226 1968; x_wconf 87' lang='lat' dir='ltr'><strong>que</strong></span> <span class='ocrx_word' id='word_1_110' title='bbox 248 1913 300 1965; x_wconf 86' lang='lat' dir='ltr'><strong>ca,</strong></span> <span class='ocrx_word' id='word_1_111' title='bbox 325 1913 387 1968; x_wconf 84' lang='lat' dir='ltr'><strong>quae</strong></span> <span class='ocrx_word' id='word_1_112' title='bbox 409 1895 474 1950; x_wconf 92' lang='lat' dir='ltr'><strong>loco</strong></span> <span class='ocrx_word' id='word_1_113' title='bbox 496 1894 564 1952; x_wconf 92' lang='lat' dir='ltr'><strong>satis</strong></span> <span class='ocrx_word' id='word_1_114' title='bbox 588 1894 667 1950; x_wconf 88' lang='lat' dir='ltr'><strong>edito</strong></span> <span class='ocrx_word' id='word_1_115' title='bbox 692 1905 779 1964; x_wconf 86' lang='lat' dir='ltr'><strong>erat,</strong></span> <span class='ocrx_word' id='word_1_116' title='bbox 806 1912 835 1949; x_wconf 91' lang='lat' dir='ltr'><strong>se</strong></span> <span class='ocrx_word' id='word_1_117' title='bbox 861 1896 1035 1970; x_wconf 72' lang='lat' dir='ltr'><strong>precipitem</strong></span> <span class='ocrx_word' id='word_1_118' title='bbox 1057 1895 1155 1965; x_wconf 86' lang='lat' dir='ltr'><strong>misit,</strong></span> 
     </span>
     <span class='ocr_line' id='line_1_16' title="bbox 169 1995 1158 2070; baseline 0 -18"><span class='ocrx_word' id='word_1_119' title='bbox 169 1996 372 2070; x_wconf 78' lang='lat' dir='ltr'><strong>confractaque</strong></span> <span class='ocrx_word' id='word_1_120' title='bbox 396 1995 457 2052; x_wconf 89' lang='lat' dir='ltr'><strong>tota</strong></span> <span class='ocrx_word' id='word_1_121' title='bbox 475 1996 565 2052; x_wconf 84' lang='lat' dir='ltr'><strong>&#39;dorsi</strong></span> <span class='ocrx_word' id='word_1_122' title='bbox 584 1995 665 2070; x_wconf 85' lang='lat' dir='ltr'><strong>spina</strong></span> <span class='ocrx_word' id='word_1_123' title='bbox 689 1995 869 2053; x_wconf 87' lang='lat' dir='ltr'><strong>semianimus</strong></span> <span class='ocrx_word' id='word_1_124' title='bbox 884 1997 977 2052; x_wconf 87' lang='lat' dir='ltr'><strong>iacuit</strong></span> <span class='ocrx_word' id='word_1_125' title='bbox 1002 2013 1068 2053; x_wconf 88' lang='lat' dir='ltr'><strong>cum</strong></span> <span class='ocrx_word' id='word_1_126' title='bbox 1091 2016 1158 2052; x_wconf 84' lang='lat' dir='ltr'><strong>mae-</strong></span> 
     </span>
     <span class='ocr_line' id='line_1_17' title="bbox 169 2097 1157 2172; baseline -0.001 -17"><span class='ocrx_word' id='word_1_127' title='bbox 169 2117 255 2168; x_wconf 85' lang='lat' dir='ltr'><strong>rore,</strong></span> <span class='ocrx_word' id='word_1_128' title='bbox 276 2097 524 2154; x_wconf 87' lang='lat' dir='ltr'><strong>etlamentatione</strong></span> <span class='ocrx_word' id='word_1_129' title='bbox 543 2098 686 2168; x_wconf 85' lang='lat' dir='ltr'><strong>omnium,</strong></span> <span class='ocrx_word' id='word_1_130' title='bbox 707 2100 758 2172; x_wconf 91' lang='lat' dir='ltr'><strong>qni</strong></span> <span class='ocrx_word' id='word_1_131' title='bbox 778 2099 904 2172; x_wconf 89' lang='lat' dir='ltr'><strong>priorem</strong></span> <span class='ocrx_word' id='word_1_132' title='bbox 925 2099 1110 2169; x_wconf 85' lang='lat' dir='ltr'><strong>modestiam,</strong></span> <span class='ocrx_word' id='word_1_133' title='bbox 1128 2111 1157 2154; x_wconf 86' lang='lat' dir='ltr'><strong>et</strong></span> 
     </span>
     <span class='ocr_line' id='line_1_18' title="bbox 170 2195 1158 2271; baseline 0 -15"><span class='ocrx_word' id='word_1_134' title='bbox 170 2211 280 2256; x_wconf 78' lang='lat' dir='ltr'><strong>aetatem</strong></span> <span class='ocrx_word' id='word_1_135' title='bbox 307 2201 418 2256; x_wconf 86' lang='lat' dir='ltr'><strong>iuuenis</strong></span> <span class='ocrx_word' id='word_1_136' title='bbox 442 2200 672 2271; x_wconf 85' lang='lat' dir='ltr'><strong>miserabantur,</strong></span> <span class='ocrx_word' id='word_1_137' title='bbox 699 2201 830 2256; x_wconf 91' lang='lat' dir='ltr'><strong>nondum</strong></span> <span class='ocrx_word' id='word_1_138' title='bbox 844 2195 929 2256; x_wconf 68' lang='lat' dir='ltr'><strong>‘ertim</strong></span> <span class='ocrx_word' id='word_1_139' title='bbox 952 2213 1107 2271; x_wconf 90' lang='lat' dir='ltr'><strong>octauum,</strong></span> <span class='ocrx_word' id='word_1_140' title='bbox 1129 2213 1158 2263; x_wconf 89' lang='lat' dir='ltr'><strong>et</strong></span> 
     </span>
     <span class='ocr_line' id='line_1_19' title="bbox 170 2297 1157 2377; baseline 0.001 -20"><span class='ocrx_word' id='word_1_141' title='bbox 170 2303 336 2377; x_wconf 79' lang='lat' dir='ltr'><strong>vigesimum</strong></span> <span class='ocrx_word' id='word_1_142' title='bbox 356 2297 463 2358; x_wconf 86' lang='lat' dir='ltr'><strong>annum</strong></span> <span class='ocrx_word' id='word_1_143' title='bbox 483 2315 647 2359; x_wconf 78' lang='lat' dir='ltr'><strong>excesserat.</strong></span> <span class='ocrx_word' id='word_1_144' title='bbox 664 2304 799 2360; x_wconf 81' lang='lat' dir='ltr'><strong>sublatus</strong></span> <span class='ocrx_word' id='word_1_145' title='bbox 821 2304 908 2372; x_wconf 90' lang='lat' dir='ltr'><strong>inde,</strong></span> <span class='ocrx_word' id='word_1_146' title='bbox 929 2303 1007 2360; x_wconf 88' lang='lat' dir='ltr'><strong>etin</strong></span> <span class='ocrx_word' id='word_1_147' title='bbox 1029 2304 1157 2358; x_wconf 84' lang='lat' dir='ltr'><strong>lecticam</strong></span> 
     </span>
     <span class='ocr_line' id='line_1_20' title="bbox 170 2401 1158 2480; baseline 0.002 -21"><span class='ocrx_word' id='word_1_148' title='bbox 170 2405 342 2479; x_wconf 87' lang='lat' dir='ltr'><strong>impositus,</strong></span> <span class='ocrx_word' id='word_1_149' title='bbox 361 2405 494 2462; x_wconf 83' lang='lat' dir='ltr'><strong>adhibitis</strong></span> <span class='ocrx_word' id='word_1_150' title='bbox 515 2405 650 2462; x_wconf 84' lang='lat' dir='ltr'><strong>custodiis</strong></span> <span class='ocrx_word' id='word_1_151' title='bbox 664 2409 785 2462; x_wconf 78' lang='lat' dir='ltr'><strong>Romam</strong></span> <span class='ocrx_word' id='word_1_152' title='bbox 805 2406 821 2460; x_wconf 82' lang='lat' dir='ltr'><strong>lt</strong></span> <span class='ocrx_word' id='word_1_153' title='bbox 840 2407 925 2478; x_wconf 86' lang='lat' dir='ltr'><strong>Gysio</strong></span> <span class='ocrx_word' id='word_1_154' title='bbox 941 2401 1035 2462; x_wconf 85' lang='lat' dir='ltr'><strong>statim</strong></span> <span class='ocrx_word' id='word_1_155' title='bbox 1055 2424 1158 2480; x_wconf 88' lang='lat' dir='ltr'><strong>aspor-</strong></span> 
     </span>
     <span class='ocr_line' id='line_1_21' title="bbox 172 2505 1158 2579; baseline 0.003 -18"><span class='ocrx_word' id='word_1_156' title='bbox 172 2507 227 2562; x_wconf 86' lang='lat' dir='ltr'><strong>tari</strong></span> <span class='ocrx_word' id='word_1_157' title='bbox 249 2506 389 2577; x_wconf 89' lang='lat' dir='ltr'><strong>iubetur,</strong></span> <span class='ocrx_word' id='word_1_158' title='bbox 412 2508 522 2564; x_wconf 85' lang='lat' dir='ltr'><strong>nullum</strong></span> <span class='ocrx_word' id='word_1_159' title='bbox 551 2507 671 2563; x_wconf 88' lang='lat' dir='ltr'><strong>curandi</strong></span> <span class='ocrx_word' id='word_1_160' title='bbox 693 2505 820 2564; x_wconf 80' lang='lat' dir='ltr'><strong>osticium</strong></span> <span class='ocrx_word' id='word_1_161' title='bbox 845 2507 1062 2579; x_wconf 86' lang='lat' dir='ltr'><strong>intermittitur,</strong></span> <span class='ocrx_word' id='word_1_162' title='bbox 1094 2511 1158 2564; x_wconf 80' lang='lat' dir='ltr'><strong>cnm</strong></span> 
     </span>
     <span class='ocr_line' id='line_1_22' title="bbox 171 2607 1159 2684; baseline 0.001 -19"><span class='ocrx_word' id='word_1_163' title='bbox 171 2620 269 2665; x_wconf 88' lang='lat' dir='ltr'><strong>tamen</strong></span> <span class='ocrx_word' id='word_1_164' title='bbox 284 2609 380 2665; x_wconf 81' lang='lat' dir='ltr'><strong>velita</strong></span> <span class='ocrx_word' id='word_1_165' title='bbox 391 2610 554 2666; x_wconf 77' lang='lat' dir='ltr'><strong>constectus</strong></span> <span class='ocrx_word' id='word_1_166' title='bbox 572 2607 714 2666; x_wconf 87' lang='lat' dir='ltr'><strong>curationi</strong></span> <span class='ocrx_word' id='word_1_167' title='bbox 723 2611 945 2684; x_wconf 79' lang='lat' dir='ltr'><strong>pertinacissime</strong></span> <span class='ocrx_word' id='word_1_168' title='bbox 959 2613 1159 2682; x_wconf 84' lang='lat' dir='ltr'><strong>reluctaretur,</strong></span> 
     </span>
     <span class='ocr_line' id='line_1_23' title="bbox 171 2703 1160 2788; baseline 0.004 -21"><span class='ocrx_word' id='word_1_169' title='bbox 171 2724 205 2768; x_wconf 90' lang='lat' dir='ltr'><strong>ut</strong></span> <span class='ocrx_word' id='word_1_170' title='bbox 226 2711 277 2785; x_wconf 91' lang='lat' dir='ltr'><strong>qui</strong></span> <span class='ocrx_word' id='word_1_171' title='bbox 297 2712 371 2768; x_wconf 90' lang='lat' dir='ltr'><strong>mori</strong></span> <span class='ocrx_word' id='word_1_172' title='bbox 391 2714 508 2769; x_wconf 84' lang='lat' dir='ltr'><strong>omnino</strong></span> <span class='ocrx_word' id='word_1_173' title='bbox 528 2714 730 2772; x_wconf 84' lang='lat' dir='ltr'><strong>destinauerat.</strong></span> <span class='ocrx_word' id='word_1_174' title='bbox 745 2743 746 2746; x_wconf 55' lang='lat'><em>=</em></span> <span class='ocrx_word' id='word_1_175' title='bbox 759 2714 820 2770; x_wconf 87' lang='lat' dir='ltr'><strong>Sub</strong></span> <span class='ocrx_word' id='word_1_176' title='bbox 839 2714 870 2770; x_wconf 87' lang='lat' dir='ltr'><strong>id</strong></span> <span class='ocrx_word' id='word_1_177' title='bbox 891 2725 1002 2788; x_wconf 86' lang='lat' dir='ltr'><strong>tempus</strong></span> <span class='ocrx_word' id='word_1_178' title='bbox 1023 2703 1160 2771; x_wconf 83' lang='lat' dir='ltr'><strong>coniunc-</strong></span> 
     </span>
     <span class='ocr_line' id='line_1_24' title="bbox 172 2813 1161 2890; baseline 0 -20"><span class='ocrx_word' id='word_1_179' title='bbox 172 2813 312 2870; x_wconf 87' lang='lat' dir='ltr'><strong>tissimeus</strong></span> <span class='ocrx_word' id='word_1_180' title='bbox 334 2815 374 2869; x_wconf 90' lang='lat' dir='ltr'><strong>illi</strong></span> <span class='ocrx_word' id='word_1_181' title='bbox 397 2815 608 2890; x_wconf 88' lang='lat' dir='ltr'><strong>condiscipulus</strong></span> <span class='ocrx_word' id='word_1_182' title='bbox 635 2817 743 2872; x_wconf 81' lang='lat' dir='ltr'><strong>Pierius</strong></span> <span class='ocrx_word' id='word_1_183' title='bbox 769 2817 936 2870; x_wconf 77' lang='lat' dir='ltr'><strong>Valerianus</strong></span> <span class='ocrx_word' id='word_1_184' title='bbox 959 2828 1082 2885; x_wconf 89' lang='lat' dir='ltr'><strong>noster,</strong></span> <span class='ocrx_word' id='word_1_185' title='bbox 1110 2814 1161 2889; x_wconf 91' lang='lat' dir='ltr'><strong>qui</strong></span> 
     </span>
    </p>
   </div>
   <div class='ocr_carea' id='block_1_3' title="bbox 173 2913 1161 2992">
    <p class='ocr_par' dir='ltr' id='par_1_3' title="bbox 173 2913 1161 2992">
     <span class='ocr_line' id='line_1_25' title="bbox 173 2913 1161 2992; baseline 0.001 -20"><span class='ocrx_word' id='word_1_186' title='bbox 173 2916 218 2972; x_wconf 88' lang='lat' dir='ltr'><strong>rei</strong></span> <span class='ocrx_word' id='word_1_187' title='bbox 245 2913 329 2970; x_wconf 85' lang='lat' dir='ltr'><strong>fidem</strong></span> <span class='ocrx_word' id='word_1_188' title='bbox 353 2916 455 2986; x_wconf 85' lang='lat' dir='ltr'><strong>faciet,</strong></span> <span class='ocrx_word' id='word_1_189' title='bbox 487 2917 610 2992; x_wconf 65' lang='lat' dir='ltr'><strong>peregri</strong></span> <span class='ocrx_word' id='word_1_190' title='bbox 640 2918 819 2988; x_wconf 85' lang='lat' dir='ltr'><strong>aduenerat,</strong></span> <span class='ocrx_word' id='word_1_191' title='bbox 855 2917 1035 2991; x_wconf 83' lang='lat' dir='ltr'><strong>amicumque</strong></span> <span class='ocrx_word' id='word_1_192' title='bbox 1066 2918 1161 2973; x_wconf 89' lang='lat' dir='ltr'><strong>statim</strong></span> 
     </span>
    </p>
   </div>
   <div class='ocr_carea' id='block_1_4' title="bbox 173 3018 1166 4220">
    <p class='ocr_par' dir='ltr' id='par_1_4' title="bbox 173 3018 1166 4220">
     <span class='ocr_line' id='line_1_26' title="bbox 173 3018 1161 3094; baseline 0.003 -22"><span class='ocrx_word' id='word_1_193' title='bbox 173 3018 315 3084; x_wconf 83' lang='lat' dir='ltr'><strong>¹salutandi</strong></span> <span class='ocrx_word' id='word_1_194' title='bbox 337 3036 422 3074; x_wconf 88' lang='lat' dir='ltr'><strong>causa</strong></span> <span class='ocrx_word' id='word_1_195' title='bbox 451 3019 606 3089; x_wconf 88' lang='lat' dir='ltr'><strong>inuiserat;</strong></span> <span class='ocrx_word' id='word_1_196' title='bbox 631 3020 770 3094; x_wconf 87' lang='lat' dir='ltr'><strong>comperit</strong></span> <span class='ocrx_word' id='word_1_197' title='bbox 796 3039 862 3076; x_wconf 91' lang='lat' dir='ltr'><strong>eum</strong></span> <span class='ocrx_word' id='word_1_198' title='bbox 885 3021 960 3074; x_wconf 88' lang='lat' dir='ltr'><strong>inter</strong></span> <span class='ocrx_word' id='word_1_199' title='bbox 984 3020 1161 3076; x_wconf 88' lang='lat' dir='ltr'><strong>medicorum</strong></span> 
     </span>
     <span class='ocr_line' id='line_1_27' title="bbox 173 3120 1160 3195; baseline 0.001 -20"><span class='ocrx_word' id='word_1_200' title='bbox 173 3137 275 3186; x_wconf 86' lang='lat' dir='ltr'><strong>manus</strong></span> <span class='ocrx_word' id='word_1_201' title='bbox 293 3120 527 3190; x_wconf 75' lang='lat' dir='ltr'><strong>destinatissime,</strong></span> <span class='ocrx_word' id='word_1_202' title='bbox 546 3121 626 3195; x_wconf 89' lang='lat' dir='ltr'><strong>quod</strong></span> <span class='ocrx_word' id='word_1_203' title='bbox 645 3133 778 3195; x_wconf 90' lang='lat' dir='ltr'><strong>poterat,</strong></span> <span class='ocrx_word' id='word_1_204' title='bbox 797 3123 930 3177; x_wconf 84' lang='lat' dir='ltr'><strong>omnibus</strong></span> <span class='ocrx_word' id='word_1_205' title='bbox 948 3122 1160 3191; x_wconf 87' lang='lat' dir='ltr'><strong>aduersantem,</strong></span> 
     </span>
     <span class='ocr_line' id='line_1_28' title="bbox 173 3223 1161 3298; baseline 0 -20"><span class='ocrx_word' id='word_1_206' title='bbox 173 3223 341 3296; x_wconf 90' lang='lat' dir='ltr'><strong>nullumque</strong></span> <span class='ocrx_word' id='word_1_207' title='bbox 366 3224 483 3296; x_wconf 85' lang='lat' dir='ltr'><strong>remedij</strong></span> <span class='ocrx_word' id='word_1_208' title='bbox 507 3243 596 3298; x_wconf 84' lang='lat' dir='ltr'><strong>genus</strong></span> <span class='ocrx_word' id='word_1_209' title='bbox 616 3224 821 3279; x_wconf 87' lang='lat' dir='ltr'><strong>admittentem.</strong></span> <span class='ocrx_word' id='word_1_210' title='bbox 843 3225 950 3279; x_wconf 75' lang='lat' dir='ltr'><strong>Pierius</strong></span> <span class='ocrx_word' id='word_1_211' title='bbox 974 3223 1044 3298; x_wconf 89' lang='lat' dir='ltr'><strong>quid</strong></span> <span class='ocrx_word' id='word_1_212' title='bbox 1066 3236 1161 3280; x_wconf 92' lang='lat' dir='ltr'><strong>actum</strong></span> 
     </span>
     <span class='ocr_line' id='line_1_29' title="bbox 174 3325 1163 3404; baseline 0.001 -25"><span class='ocrx_word' id='word_1_213' title='bbox 174 3335 265 3393; x_wconf 82' lang='lat' dir='ltr'><strong>esset,</strong></span> <span class='ocrx_word' id='word_1_214' title='bbox 280 3325 413 3395; x_wconf 89' lang='lat' dir='ltr'><strong>eductus,</strong></span> <span class='ocrx_word' id='word_1_215' title='bbox 432 3325 544 3382; x_wconf 78' lang='lat' dir='ltr'><strong>blandis</strong></span> <span class='ocrx_word' id='word_1_216' title='bbox 556 3343 622 3380; x_wconf 88' lang='lat' dir='ltr'><strong>eum</strong></span> <span class='ocrx_word' id='word_1_217' title='bbox 633 3325 730 3380; x_wconf 76' lang='lat' dir='ltr'><strong>‚verbis</strong></span> <span class='ocrx_word' id='word_1_218' title='bbox 743 3327 916 3404; x_wconf 86' lang='lat' dir='ltr'><strong>alloquitur,</strong></span> <span class='ocrx_word' id='word_1_219' title='bbox 935 3325 1163 3400; x_wconf 83' lang='lat' dir='ltr'><strong>indignissimum</strong></span> 
     </span>
     <span class='ocr_line' id='line_1_30' title="bbox 175 3423 1163 3502; baseline 0.003 -22"><span class='ocrx_word' id='word_1_220' title='bbox 175 3443 272 3482; x_wconf 84' lang='lat' dir='ltr'><strong>casum</strong></span> <span class='ocrx_word' id='word_1_221' title='bbox 291 3427 375 3501; x_wconf 74' lang='lat' dir='ltr'><strong>longi</strong></span> <span class='ocrx_word' id='word_1_222' title='bbox 390 3427 472 3482; x_wconf 88' lang='lat' dir='ltr'><strong>aliter</strong></span> <span class='ocrx_word' id='word_1_223' title='bbox 489 3446 523 3483; x_wconf 89' lang='lat' dir='ltr'><strong>ac</strong></span> <span class='ocrx_word' id='word_1_224' title='bbox 539 3423 615 3498; x_wconf 81' lang='lat' dir='ltr'><strong>¹crat,</strong></span> <span class='ocrx_word' id='word_1_225' title='bbox 630 3439 663 3483; x_wconf 92' lang='lat' dir='ltr'><strong>ut</strong></span> <span class='ocrx_word' id='word_1_226' title='bbox 681 3428 871 3502; x_wconf 85' lang='lat' dir='ltr'><strong>suspicionem</strong></span> <span class='ocrx_word' id='word_1_227' title='bbox 891 3430 1032 3498; x_wconf 87' lang='lat' dir='ltr'><strong>eleuaret,</strong></span> <span class='ocrx_word' id='word_1_228' title='bbox 1050 3427 1163 3483; x_wconf 88' lang='lat' dir='ltr'><strong>audisse</strong></span> 
     </span>
     <span class='ocr_line' id='line_1_31' title="bbox 176 3529 1163 3604; baseline 0.004 -23"><span class='ocrx_word' id='word_1_229' title='bbox 176 3546 223 3596; x_wconf 89' lang='lat' dir='ltr'><strong>se,</strong></span> <span class='ocrx_word' id='word_1_230' title='bbox 246 3529 396 3602; x_wconf 87' lang='lat' dir='ltr'><strong>statimque</strong></span> <span class='ocrx_word' id='word_1_231' title='bbox 424 3529 586 3600; x_wconf 89' lang='lat' dir='ltr'><strong>accurisse,</strong></span> <span class='ocrx_word' id='word_1_232' title='bbox 617 3531 688 3586; x_wconf 82' lang='lat' dir='ltr'><strong>velle</strong></span> <span class='ocrx_word' id='word_1_233' title='bbox 718 3549 747 3586; x_wconf 89' lang='lat' dir='ltr'><strong>se</strong></span> <span class='ocrx_word' id='word_1_234' title='bbox 778 3530 808 3584; x_wconf 88' lang='lat' dir='ltr'><strong>iu</strong></span> <span class='ocrx_word' id='word_1_235' title='bbox 836 3529 932 3585; x_wconf 87' lang='lat' dir='ltr'><strong>officio</strong></span> <span class='ocrx_word' id='word_1_236' title='bbox 960 3549 1038 3600; x_wconf 88' lang='lat' dir='ltr'><strong>esse,</strong></span> <span class='ocrx_word' id='word_1_237' title='bbox 1068 3548 1163 3604; x_wconf 89' lang='lat' dir='ltr'><strong>neque</strong></span> 
     </span>
     <span class='ocr_line' id='line_1_32' title="bbox 176 3628 1163 3706; baseline 0.002 -22"><span class='ocrx_word' id='word_1_238' title='bbox 176 3628 297 3685; x_wconf 88' lang='lat' dir='ltr'><strong>amicum</strong></span> <span class='ocrx_word' id='word_1_239' title='bbox 321 3632 405 3686; x_wconf 89' lang='lat' dir='ltr'><strong>talem</strong></span> <span class='ocrx_word' id='word_1_240' title='bbox 426 3632 624 3706; x_wconf 88' lang='lat' dir='ltr'><strong>derelinquere</strong></span> <span class='ocrx_word' id='word_1_241' title='bbox 648 3634 707 3689; x_wconf 91' lang='lat' dir='ltr'><strong>ullo</strong></span> <span class='ocrx_word' id='word_1_242' title='bbox 731 3633 819 3688; x_wconf 90' lang='lat' dir='ltr'><strong>modo</strong></span> <span class='ocrx_word' id='word_1_243' title='bbox 845 3650 938 3706; x_wconf 89' lang='lat' dir='ltr'><strong>posse.</strong></span> <span class='ocrx_word' id='word_1_244' title='bbox 965 3636 1046 3689; x_wconf 90' lang='lat' dir='ltr'><strong>Bono</strong></span> <span class='ocrx_word' id='word_1_245' title='bbox 1067 3633 1163 3687; x_wconf 84' lang='lat' dir='ltr'><strong>animo</strong></span> 
     </span>
     <span class='ocr_line' id='line_1_33' title="bbox 176 3732 1162 3809; baseline 0.004 -24"><span class='ocrx_word' id='word_1_246' title='bbox 176 3742 249 3786; x_wconf 83' lang='lat' dir='ltr'><strong>esset</strong></span> <span class='ocrx_word' id='word_1_247' title='bbox 270 3732 369 3802; x_wconf 90' lang='lat' dir='ltr'><strong>iubet,</strong></span> <span class='ocrx_word' id='word_1_248' title='bbox 390 3735 536 3807; x_wconf 87' lang='lat' dir='ltr'><strong>multaque</strong></span> <span class='ocrx_word' id='word_1_249' title='bbox 555 3734 593 3790; x_wconf 91' lang='lat' dir='ltr'><strong>de</strong></span> <span class='ocrx_word' id='word_1_250' title='bbox 611 3736 758 3808; x_wconf 70' lang='lat' dir='ltr'><strong>Pontifices</strong></span> <span class='ocrx_word' id='word_1_251' title='bbox 775 3754 844 3809; x_wconf 83' lang='lat' dir='ltr'><strong>erga</strong></span> <span class='ocrx_word' id='word_1_252' title='bbox 863 3753 929 3790; x_wconf 87' lang='lat' dir='ltr'><strong>cum</strong></span> <span class='ocrx_word' id='word_1_253' title='bbox 945 3735 1162 3804; x_wconf 87' lang='lat' dir='ltr'><strong>beneuolentia,</strong></span> 
     </span>
     <span class='ocr_line' id='line_1_34' title="bbox 178 3835 1164 3912; baseline 0.003 -25"><span class='ocrx_word' id='word_1_254' title='bbox 178 3851 240 3905; x_wconf 84' lang='lat' dir='ltr'><strong>quae</strong></span> <span class='ocrx_word' id='word_1_255' title='bbox 262 3853 355 3908; x_wconf 89' lang='lat' dir='ltr'><strong>nuper</strong></span> <span class='ocrx_word' id='word_1_256' title='bbox 375 3835 513 3905; x_wconf 88' lang='lat' dir='ltr'><strong>audisset,</strong></span> <span class='ocrx_word' id='word_1_257' title='bbox 535 3836 704 3910; x_wconf 88' lang='lat' dir='ltr'><strong>pollicetur,</strong></span> <span class='ocrx_word' id='word_1_258' title='bbox 728 3855 848 3910; x_wconf 84' lang='lat' dir='ltr'><strong>quaeque</strong></span> <span class='ocrx_word' id='word_1_259' title='bbox 868 3836 977 3892; x_wconf 90' lang='lat' dir='ltr'><strong>adhoc</strong></span> <span class='ocrx_word' id='word_1_260' title='bbox 998 3848 1066 3912; x_wconf 90' lang='lat' dir='ltr'><strong>apta</strong></span> <span class='ocrx_word' id='word_1_261' title='bbox 1084 3836 1164 3892; x_wconf 87' lang='lat' dir='ltr'><strong>vide-</strong></span> 
     </span>
     <span class='ocr_line' id='line_1_35' title="bbox 176 3934 1165 4008; baseline 0.003 -18"><span class='ocrx_word' id='word_1_262' title='bbox 176 3934 301 4006; x_wconf 87' lang='lat' dir='ltr'><strong>bantur,</strong></span> <span class='ocrx_word' id='word_1_263' title='bbox 330 3936 425 3991; x_wconf 89' lang='lat' dir='ltr'><strong>omnia</strong></span> <span class='ocrx_word' id='word_1_264' title='bbox 456 3937 686 3994; x_wconf 89' lang='lat' dir='ltr'><strong>comminiscitur.</strong></span> <span class='ocrx_word' id='word_1_265' title='bbox 714 3941 850 3994; x_wconf 87' lang='lat' dir='ltr'><strong>Mouetur</strong></span> <span class='ocrx_word' id='word_1_266' title='bbox 879 3938 991 3994; x_wconf 88' lang='lat' dir='ltr'><strong>Priulua</strong></span> <span class='ocrx_word' id='word_1_267' title='bbox 1022 3939 1122 4008; x_wconf 88' lang='lat' dir='ltr'><strong>amici,</strong></span> <span class='ocrx_word' id='word_1_268' title='bbox 1148 3938 1165 3993; x_wconf 80' lang='lat' dir='ltr'><strong>it</strong></span> 
     </span>
     <span class='ocr_line' id='line_1_36' title="bbox 176 4031 1166 4116; baseline 0.005 -25"><span class='ocrx_word' id='word_1_269' title='bbox 176 4031 239 4108; x_wconf 76' lang='lat' dir='ltr'><strong>quo&#39;</strong></span> <span class='ocrx_word' id='word_1_270' title='bbox 263 4037 396 4114; x_wconf 87' lang='lat' dir='ltr'><strong>seunice</strong></span> <span class='ocrx_word' id='word_1_271' title='bbox 421 4039 477 4093; x_wconf 89' lang='lat' dir='ltr'><strong>coli</strong></span> <span class='ocrx_word' id='word_1_272' title='bbox 492 4052 644 4109; x_wconf 68' lang='lat' dir='ltr'><strong>‘nouerat,</strong></span> <span class='ocrx_word' id='word_1_273' title='bbox 673 4041 845 4114; x_wconf 82' lang='lat' dir='ltr'><strong>praesentia,</strong></span> <span class='ocrx_word' id='word_1_274' title='bbox 875 4052 904 4096; x_wconf 92' lang='lat' dir='ltr'><strong>et</strong></span> <span class='ocrx_word' id='word_1_275' title='bbox 931 4041 1052 4116; x_wconf 82' lang='lat' dir='ltr'><strong>obligari</strong></span> <span class='ocrx_word' id='word_1_276' title='bbox 1075 4041 1166 4096; x_wconf 85' lang='lat' dir='ltr'><strong>fracta</strong></span> 
     </span>
     <span class='ocr_line' id='line_1_37' title="bbox 179 4141 1166 4220; baseline 0.005 -28"><span class='ocrx_word' id='word_1_277' title='bbox 179 4154 264 4209; x_wconf 89' lang='lat' dir='ltr'><strong>ossa,</strong></span> <span class='ocrx_word' id='word_1_278' title='bbox 290 4157 396 4198; x_wconf 87' lang='lat' dir='ltr'><strong>neruos</strong></span> <span class='ocrx_word' id='word_1_279' title='bbox 424 4141 562 4213; x_wconf 84' lang='lat' dir='ltr'><strong>distrahi,</strong></span> <span class='ocrx_word' id='word_1_280' title='bbox 584 4142 732 4220; x_wconf 89' lang='lat' dir='ltr'><strong>torqueri,</strong></span> <span class='ocrx_word' id='word_1_281' title='bbox 759 4142 916 4219; x_wconf 89' lang='lat' dir='ltr'><strong>componi,</strong></span> <span class='ocrx_word' id='word_1_282' title='bbox 940 4155 968 4200; x_wconf 90' lang='lat' dir='ltr'><strong>ct</strong></span> <span class='ocrx_word' id='word_1_283' title='bbox 992 4143 1166 4206; x_wconf 84' lang='lat' dir='ltr'><strong>acerbissimi</strong></span> 
     </span>
    </p>
   </div>
   <div class='ocr_carea' id='block_1_5' title="bbox 0 0 1632 5168">
    <p class='ocr_par' dir='ltr' id='par_1_5' title="bbox 0 0 1632 5168">
     <span class='ocr_line' id='line_1_38' title="bbox 0 0 1632 5168; baseline 0 0"><span class='ocrx_word' id='word_1_284' title='bbox 0 0 1632 5168; x_wconf 95' lang='lat' dir='ltr'><strong> </strong></span> 
     </span>
    </p>
   </div>
  </div>
 </body>
</html>
