3186 5166
364 430 595 485 Ltrrnnsronuu
617 429 834 483 lnrntrctrsrr.
874 425 999 482 tiu-11.
1030 415 1033 422 ¹
1062 449 1085 460 ’ν
1133 421 1172 482 85

151 531 249 610 'nisce
276 554 365 610 ocus
390 554 468 624 viat,
492 554 522 610 tn
551 573 610 628 quo
632 553 728 608 omna
758 553 840 608 sona
867 551 1039 608 suetudinis
1063 552 1172 608 asten·-

174 658 259 714 tantis
291 658 373 733 signa
398 656 553 731 perspexi,
576 659 614 710 'et
640 656 720 728 quod
755 655 946 712 indubitatam
974 654 1172 712 mihi-salutis

174 780 253 836 spem
276 760 405 835 polliceri
427 760 559 829 videtur,
579 759 698 834 ipsemet
724 779 776 816 suo
797 760 833 815 de
853 777 883 814 se
908 757 1071 814 testimonio
1098 759 1173 813 bene

162 849 434 952 ‘sperare'ineipiu
457 865 537 938 quod
558 863 673 918 minime
699 861 1017 937 diebus·superioribus
1038 861 1171 917 faciebat.

174 969 241 1038 Quo
264 968 379 1040 quidem
404 979 539 1035 servato,
565 986 624 1021 non
648 977 708 1035 est,
729 967 766 1020 'ut
787 965 854 1021 mali
875 965 1029 1038 quicquam
1051 964 1172 1038 amplius

174 1087 332 1125 vereamur.
371 1069 458 1138 Qubd
490 1069 560 1124 verb
591 1068 699 1123 bellum
731 1067 932 1136 teterrimum,
963 1066 1173 1140 periculosissi-

143 1175 149 1184 '
174 1191 311 1245 mumque
332 1151 490 1240 formidas,
519 1189 633 1227 necesse
657 1181 700 1226 est
722 1171 873 1227 Clementis
894 1171 1012 1225 consilia
1040 1169 1093 1224 tibi
1117 1187 1174 1243 pa-

173 1275 324 1345 tefaciam
355 1277 406 1348 qui
429 1276 573 1332 Caesarem
602 1274 631 1327 in
655 1274 766 1328 ltaliam
789 1291 933 1328 accersere
960 1274 1111 1343 decreuit,
1139 1282 1173 1327 ut

174 1396 272 1433 coram
297 1379 398 1452 quanti
424 1380 459 1434 sit
487 1379 660 1435 Christianae
687 1376 768 1450 Reip.
790 1375 947 1432 concordia
973 1378 1125 1452 disputet,
1145 1390 1173 1434 et

175 1481 246 1554 quid
272 1482 310 1537 ad
338 1500 477 1540 summam
502 1481 564 1554 ejus
585 1458 724 1556 Principis
749 1481 871 1555 gloriam
895 1480 1000 1552 faciat,
1028 1482 1171 1538 ostendat·

175 1586 273 1658 Atque
301 1604 355 1660 ego
388 1585 526 1658 quidem,
556 1585 607 1659 qui
638 1583 836 1659 superioribus
860 1587 941 1641 annis
971 1586 1050 1660 apud
1078 1587 1173 1659 ipsum

181 1688 325 1744 Caesarem
353 1689 527 1761 Reipublicae
556 1699 660 1742 nostrae
689 1687 807 1743 nomine
837 1692 964 1764 Legatus
993 1689 1057 1759 tui,
1091 1687 1173 1744 sacili

80 1837 83 1842 .
176 1791 311 1864 perspexi
336 1791 365 1844 in
391 1791 455 1864 ipso
480 1791 585 1846 Carolo
603 1811 773 1860 summam,
797 1805 825 1848 et
854 1799 1009 1870 egregiam·
1026 1793 1173 1868 quandam

175 1892 360 1962 bonitatem,
395 1906 577 1966 mentemque
607 1894 637 1948 in
659 1913 694 1951 eo
721 1896 920 1952 alienissimam
943 1898 980 1952 ab
1004 1897 1039 1970 ijs
1063 1897 1172 1966 rebus,

175 2013 246 2068 quas
271 1996 398 2070 legiones
428 1996 489 2068 ejus
515 2014 586 2052 ausu
611 1996 760 2052 licentiose
787 1999 817 2053 in
842 1999 938 2062 Italia,
955 2009 1169 2073 perpetrarunt.

173 2098 267 2154 Velim
290 2100 388 2172 itaque
410 2101 502 2155 Coloti
523 2100 558 2155 de
581 2100 677 2174 quiete
699 2101 817 2171 ltalia,
847 2111 935 2174 atque
961 2102 1034 2157 adei)
1055 2102 1091 2156 de
1115 2102 1172 2157 bo-

172 2221 279 2272 norum
299 2203 427 2258 omnium
447 2204 653 2277 tranquillitate
679 2205 753 2260 bene
778 2223 894 2279 sperare
912 2204 1050 2279 incipias,
1073 2215 1102 2258 et
1121 2203 1172 2259 ubi

173 2305 345 2362 intellexeris
371 2308 514 2362 Coesarem
534 2308 564 2361 in
581 2307 700 2362 Italiam
723 2307 778 2363 iter
795 2326 934 2381 parasse,
959 2307 996 2362 ad
1019 2325 1107 2380 quem
1123 2307 1172 2360 iu-

174 2409 326 2466 uitandum
344 2409 479 2481 Pontifex
500 2429 591 2465 unum
609 2429 644 2465 ex
662 2411 769 2467 intimis
786 2411 844 2467 suis
866 2411 926 2483 jaan
945 2409 1058 2465 mittere
1082 2409 1172 2464 desti-

174 2513 279 2582 navit,
312 2514 484 2587 compositas
512 2531 560 2580 res
594 2525 707 2568 nostras
740 2512 793 2568 tibi
824 2531 982 2587 proponas.
1020 2513 1063 2567 Εὸ
1096 2512 1171 2567 enim

174 2634 260 2672 omne
284 2617 430 2688 Pontifieis
455 2615 609 2698 studium,
637 2634 733 2684 cura,
765 2615 971 2688 meditatioque
1000 2615 1170 2684 contendit,

173 2729 206 2773 ut
228 2717 292 2774 linis
311 2719 426 2774 tandem
450 2719 552 2792 aliquis
573 2719 678 2774 nostris
700 2719 909 2774 calamitatibus
927 2719 1112 2793 imponatur,
1143 2728 1172 2774 et

174 2821 296 2876 militum
318 2822 376 2876 haec
405 2821 531 2890 ferocia,
554 2840 616 2895 quae
640 2821 777 2876 hactenus
803 2832 860 2876 tam
886 2821 917 2876 in
945 2821 1058 2890 socios,
1083 2819 1170 2894 quim

173 2923 204 2979 in
228 2925 324 2980 hostes
350 2935 477 2998 grassata
504 2935 566 2992 est,
597 2925 627 2979 in
648 2936 752 2980 nostrae
778 2925 892 2998 pietatis
920 2925 1016 2980 hostes
1045 2941 1170 2978 conuer-

174 3037 261 3082 tatun
293 3027 388 3081 Habes
420 3026 518 3098 itaque
547 3027 658 3082 Mellae
687 3028 724 3081 de
754 3028 869 3083 Caesare
898 3026 968 3099 quid
995 3027 1171 3082 Cotttarenus

174 3128 211 3184 sit
235 3129 397 3202 pollicitus,
419 3138 448 3182 et
473 3128 609 3200 quoniam
634 3129 705 3184 hora
724 3128 784 3200 jam
809 3129 944 3197 inclinat,
970 3128 1096 3200 satisque
1119 3126 1172 3181 tibi

174 3229 282 3286 sactum
304 3231 319 3284 a
344 3229 428 3285 nobis
452 3241 515 3298 est,
540 3241 623 3302 potes
650 3230 710 3285 sine
729 3231 787 3284 ulla
811 3230 919 3284 inuidia
941 3248 994 3284 nos
1017 3229 1168 3283 dimittere.

174 3335 253 3391 Met.
292 3333 361 3388 Mihi
394 3333 511 3405 quidem
539 3333 660 3388 maxime
692 3333 799 3387 sactum
837 3333 931 3401 satis,
964 3351 1022 3405 quo
1055 3332 1170 3388 nomine

80 3487 81 3490 ,
173 3435 256 3489 vobis
283 3434 375 3490 debeo
400 3434 565 3507 plurimum,
595 3435 651 3491 Sed
679 3434 702 3489 si
726 3434 804 3508 apud
829 3453 873 3488 me
898 3434 1015 3509 insuper
1043 3451 1170 3489 caenaue·

172 3538 256 3606 ritis,
276 3555 380 3610 magno
401 3538 581 3593 hoe'addam
606 3537 813 3612 superpondi0.
840 3540 940 3592 Gaiae
981 3539 1049 3592 Non
1072 3555 1169 3592 sumus

173 3639 227 3696 bac
251 3659 369 3712 vespera
386 3621 492 3694 ¹tecum
516 3658 610 3714 neque
635 3659 708 3714 ego,
737 3659 831 3715 neque
856 3641 979 3697 Colotius
1013 3639 1168 3709 caenaturi,

116 3729 119 3734 Ι
174 3753 306 3816 paratum
332 3743 407 3796 enim
431 3744 519 3814 nobis⁴
543 3755 584 3798 est
613 3745 643 3798 in
672 3744 815 3799 Palatinis
837 3744 929 3798 hortis
958 3743 1035 3816 apud
1068 3743 1170 3797 sollio-

172 3864 257 3913 nem,
280 3855 312 3899 ut
330 3845 397 3900 inde
414 3823 580 3918 laetificere
596 3857 694 3901 nostra
714 3845 749 3900 de
771 3865 801 3900 re
820 3847 944 3902 locuturi
962 3845 1167 3915 ascendamus,

174 3965 208 4002 ea
234 3948 308 4002 enim
339 3958 380 4003 est
411 3948 484 4003 hora
516 3935 616 4004 nobis⁴
635 3949 719 4004 dicta.
755 3951 899 4005 Maurius.
925 3947 1018 4004 Didiei
1045 3965 1098 4020 ego
1134 3963 1169 4001 ex

173 4049 268 4106 Pierio
300 4050 514 4106 usitatissimum
544 4053 607 4124 ejus
636 4051 753 4106 dietum.
787 4052 864 4107 Caue
892 4071 928 4107 ne
954 4052 999 4106 vel
1031 4049 1167 4124 prodesse
