<?xml version="1.0" encoding="UTF-8"?>
<!DOCTYPE html PUBLIC "-//W3C//DTD XHTML 1.0 Transitional//EN"
    "http://www.w3.org/TR/xhtml1/DTD/xhtml1-transitional.dtd">
<html xmlns="http://www.w3.org/1999/xhtml" xml:lang="en" lang="en">
 <head>
  <title>
</title>
<meta http-equiv="Content-Type" content="text/html;charset=utf-8" />
  <meta name='ocr-system' content='tesseract 3.04.00' />
  <meta name='ocr-capabilities' content='ocr_page ocr_carea ocr_par ocr_line ocrx_word'/>
</head>
<body>
  <div class='ocr_page' id='page_1' title='image "./joannispieriiva01valegoog_0058.png"; bbox 0 0 3202 5168; ppageno 0'>
   <div class='ocr_carea' id='block_1_1' title="bbox 258 445 1184 524">
    <p class='ocr_par' dir='ltr' id='par_1_1' title="bbox 258 445 1184 524">
     <span class='ocr_line' id='line_1_1' title="bbox 258 445 1184 524; baseline -0.002 -8"><span class='ocrx_word' id='word_1_1' title='bbox 258 507 260 516; x_wconf 89' lang='grc'><em>,</em></span> <span class='ocrx_word' id='word_1_2' title='bbox 338 513 342 524; x_wconf 81' lang='grc'><strong><em>,</em></strong></span> <span class='ocrx_word' id='word_1_3' title='bbox 375 459 611 516; x_wconf 77' lang='lat' dir='ltr'>ertnasroauu</span> <span class='ocrx_word' id='word_1_4' title='bbox 633 457 849 519; x_wconf 74' lang='lat' dir='ltr'>interseratur.</span> <span class='ocrx_word' id='word_1_5' title='bbox 889 451 950 512; x_wconf 80' lang='lat' dir='ltr'>Lib</span> <span class='ocrx_word' id='word_1_6' title='bbox 972 457 996 514; x_wconf 93' lang='lat' dir='ltr'>l.</span> <span class='ocrx_word' id='word_1_7' title='bbox 1041 511 1043 518; x_wconf 78' lang='grc'>,</span> <span class='ocrx_word' id='word_1_8' title='bbox 1145 445 1184 514; x_wconf 85' lang='grc'>27</span> 
     </span>
    </p>
   </div>
   <div class='ocr_carea' id='block_1_2' title="bbox 101 572 1348 4258">
    <p class='ocr_par' dir='ltr' id='par_1_2' title="bbox 101 572 1348 4258">
     <span class='ocr_line' id='line_1_2' title="bbox 187 572 1184 662; baseline -0.007 -17"><span class='ocrx_word' id='word_1_9' title='bbox 187 585 353 645; x_wconf 85' lang='lat' dir='ltr'>conditione</span> <span class='ocrx_word' id='word_1_10' title='bbox 373 589 516 662; x_wconf 84' lang='lat' dir='ltr'>Aleppam</span> <span class='ocrx_word' id='word_1_11' title='bbox 541 604 633 660; x_wconf 85' lang='lat' dir='ltr'>usqne</span> <span class='ocrx_word' id='word_1_12' title='bbox 653 596 767 642; x_wconf 89' lang='lat' dir='ltr'>secutus</span> <span class='ocrx_word' id='word_1_13' title='bbox 788 584 862 654; x_wconf 77' lang='lat' dir='ltr'>ruit3</span> <span class='ocrx_word' id='word_1_14' title='bbox 883 572 940 657; x_wconf 80' lang='lat' dir='ltr'>qun</span> <span class='ocrx_word' id='word_1_15' title='bbox 961 583 992 638; x_wconf 89' lang='lat' dir='ltr'>in</span> <span class='ocrx_word' id='word_1_16' title='bbox 1011 583 1083 639; x_wconf 86' lang='lat' dir='ltr'>urbe</span> <span class='ocrx_word' id='word_1_17' title='bbox 1111 587 1184 641; x_wconf 79' lang='lat' dir='ltr'>Tur-</span> 
     </span>
     <span class='ocr_line' id='line_1_3' title="bbox 185 673 1185 764; baseline -0.005 -18"><span class='ocrx_word' id='word_1_18' title='bbox 185 691 240 746; x_wconf 87' lang='lat' dir='ltr'>cici</span> <span class='ocrx_word' id='word_1_19' title='bbox 252 688 373 764; x_wconf 64' lang='lat' dir='ltr'>Imperii</span> <span class='ocrx_word' id='word_1_20' title='bbox 386 700 452 764; x_wconf 87' lang='lat' dir='ltr'>post</span> <span class='ocrx_word' id='word_1_21' title='bbox 468 690 641 763; x_wconf 78' lang='lat' dir='ltr'><em>Byzantium</em></span> <span class='ocrx_word' id='word_1_22' title='bbox 657 673 797 763; x_wconf 84' lang='lat' dir='ltr'>primario</span> <span class='ocrx_word' id='word_1_23' title='bbox 817 686 946 761; x_wconf 86' lang='lat' dir='ltr'>emporio</span> <span class='ocrx_word' id='word_1_24' title='bbox 967 705 1020 761; x_wconf 88' lang='lat' dir='ltr'>per</span> <span class='ocrx_word' id='word_1_25' title='bbox 1037 686 1185 742; x_wconf 89' lang='lat' dir='ltr'>biennuim</span> 
     </span>
     <span class='ocr_line' id='line_1_4' title="bbox 187 791 1185 867; baseline -0.003 -19"><span class='ocrx_word' id='word_1_26' title='bbox 187 802 402 862; x_wconf 87' lang='lat' dir='ltr'>commoratus,</span> <span class='ocrx_word' id='word_1_27' title='bbox 432 793 567 867; x_wconf 84' lang='lat' dir='ltr'>Tn&#39;p01im</span> <span class='ocrx_word' id='word_1_28' title='bbox 595 792 632 847; x_wconf 85' lang='lat' dir='ltr'>ab</span> <span class='ocrx_word' id='word_1_29' title='bbox 655 793 746 847; x_wconf 85' lang='lat' dir='ltr'>altero</span> <span class='ocrx_word' id='word_1_30' title='bbox 771 794 941 847; x_wconf 83' lang='lat' dir='ltr'><em>Venetorum</em></span> <span class='ocrx_word' id='word_1_31' title='bbox 966 791 1083 852; x_wconf 84' lang='lat' dir='ltr'>consule</span> <span class='ocrx_word' id='word_1_32' title='bbox 1105 801 1185 865; x_wconf 85' lang='lat' dir='ltr'>peste</span> 
     </span>
     <span class='ocr_line' id='line_1_5' title="bbox 187 892 1186 969; baseline -0.001 -20"><span class='ocrx_word' id='word_1_33' title='bbox 187 895 338 951; x_wconf 80' lang='lat' dir='ltr'><strong>laborante</strong></span> <span class='ocrx_word' id='word_1_34' title='bbox 357 893 525 964; x_wconf 73' lang='lat' dir='ltr'>nccmitur3</span> <span class='ocrx_word' id='word_1_35' title='bbox 545 892 615 950; x_wconf 88' lang='lat' dir='ltr'>dnm</span> <span class='ocrx_word' id='word_1_36' title='bbox 638 893 726 969; x_wconf 85' lang='lat' dir='ltr'>igitur</span> <span class='ocrx_word' id='word_1_37' title='bbox 748 894 782 949; x_wconf 84' lang='lat' dir='ltr'>eb</span> <span class='ocrx_word' id='word_1_38' title='bbox 805 907 870 950; x_wconf 84' lang='lat' dir='ltr'>cum</span> <span class='ocrx_word' id='word_1_39' title='bbox 892 893 1008 951; x_wconf 86' lang='lat' dir='ltr'>dnobus</span> <span class='ocrx_word' id='word_1_40' title='bbox 1027 893 1079 949; x_wconf 75' lang='lat' dir='ltr'>via</span> <span class='ocrx_word' id='word_1_41' title='bbox 1102 893 1186 950; x_wconf 88' lang='lat' dir='ltr'>sociis</span> 
     </span>
     <span class='ocr_line' id='line_1_6' title="bbox 187 996 1185 1072; baseline -0.002 -19"><span class='ocrx_word' id='word_1_42' title='bbox 187 1007 273 1053; x_wconf 87' lang='lat' dir='ltr'>nocte</span> <span class='ocrx_word' id='word_1_43' title='bbox 294 1009 415 1072; x_wconf 88' lang='lat' dir='ltr'>propter</span> <span class='ocrx_word' id='word_1_44' title='bbox 438 998 551 1054; x_wconf 79' lang='lat' dir='ltr'>aestiuos</span> <span class='ocrx_word' id='word_1_45' title='bbox 580 997 690 1052; x_wconf 87' lang='lat' dir='ltr'>calores</span> <span class='ocrx_word' id='word_1_46' title='bbox 712 996 822 1072; x_wconf 85' lang='lat' dir='ltr'>magnis</span> <span class='ocrx_word' id='word_1_47' title='bbox 841 997 991 1053; x_wconf 81' lang='lat' dir='ltr'>itineribus</span> <span class='ocrx_word' id='word_1_48' title='bbox 1015 996 1185 1066; x_wconf 69' lang='lat' dir='ltr'>contendit,</span> 
     </span>
     <span class='ocr_line' id='line_1_7' title="bbox 188 1098 1187 1175; baseline -0.001 -19"><span class='ocrx_word' id='word_1_49' title='bbox 188 1099 300 1156; x_wconf 85' lang='lat' dir='ltr'>decimo</span> <span class='ocrx_word' id='word_1_50' title='bbox 323 1101 361 1156; x_wconf 84' lang='lat' dir='ltr'>ab</span> <span class='ocrx_word' id='word_1_51' title='bbox 387 1100 461 1156; x_wconf 88' lang='lat' dir='ltr'>urbe</span> <span class='ocrx_word' id='word_1_52' title='bbox 482 1098 577 1175; x_wconf 88' lang='lat' dir='ltr'>lapide</span> <span class='ocrx_word' id='word_1_53' title='bbox 597 1099 675 1156; x_wconf 84' lang='lat' dir='ltr'>bunc</span> <span class='ocrx_word' id='word_1_54' title='bbox 699 1102 825 1157; x_wconf 89' lang='lat' dir='ltr'>latrones</span> <span class='ocrx_word' id='word_1_55' title='bbox 847 1117 883 1156; x_wconf 83' lang='lat' dir='ltr'>ex</span> <span class='ocrx_word' id='word_1_56' title='bbox 906 1099 1024 1156; x_wconf 88' lang='lat' dir='ltr'>occultis</span> <span class='ocrx_word' id='word_1_57' title='bbox 1045 1100 1115 1156; x_wconf 91' lang='lat' dir='ltr'>locis</span> <span class='ocrx_word' id='word_1_58' title='bbox 1139 1117 1187 1155; x_wconf 91' lang='lat' dir='ltr'>re-</span> 
     </span>
     <span class='ocr_line' id='line_1_8' title="bbox 186 1200 1185 1278; baseline -0.001 -21"><span class='ocrx_word' id='word_1_59' title='bbox 186 1202 308 1277; x_wconf 86' lang='lat' dir='ltr'>pentino</span> <span class='ocrx_word' id='word_1_60' title='bbox 318 1200 428 1277; x_wconf 87' lang='lat' dir='ltr'>impetn</span> <span class='ocrx_word' id='word_1_61' title='bbox 438 1202 631 1272; x_wconf 88' lang='lat' dir='ltr'>adoriuntur,</span> <span class='ocrx_word' id='word_1_62' title='bbox 652 1203 802 1278; x_wconf 86' lang='lat' dir='ltr'>alteroque</span> <span class='ocrx_word' id='word_1_63' title='bbox 814 1203 919 1260; x_wconf 88' lang='lat' dir='ltr'>comite</span> <span class='ocrx_word' id='word_1_64' title='bbox 931 1203 967 1258; x_wconf 86' lang='lat' dir='ltr'>ab</span> <span class='ocrx_word' id='word_1_65' title='bbox 977 1202 1010 1258; x_wconf 89' lang='lat' dir='ltr'>iis</span> <span class='ocrx_word' id='word_1_66' title='bbox 1021 1201 1185 1271; x_wconf 85' lang='lat' dir='ltr'>interiecto,</span> 
     </span>
     <span class='ocr_line' id='line_1_9' title="bbox 188 1303 1186 1380; baseline -0.001 -20"><span class='ocrx_word' id='word_1_67' title='bbox 188 1305 280 1362; x_wconf 84' lang='lat' dir='ltr'>altero</span> <span class='ocrx_word' id='word_1_68' title='bbox 307 1316 403 1361; x_wconf 84' lang='lat' dir='ltr'>antem</span> <span class='ocrx_word' id='word_1_69' title='bbox 426 1303 571 1380; x_wconf 80' lang='lat' dir='ltr'>grauibus·</span> <span class='ocrx_word' id='word_1_70' title='bbox 590 1304 757 1361; x_wconf 74' lang='lat' dir='ltr'>uulneribus</span> <span class='ocrx_word' id='word_1_71' title='bbox 786 1304 941 1375; x_wconf 79' lang='lat' dir='ltr'>confosso,</span> <span class='ocrx_word' id='word_1_72' title='bbox 971 1304 1032 1380; x_wconf 84' lang='lat' dir='ltr'>ipse</span> <span class='ocrx_word' id='word_1_73' title='bbox 1053 1305 1134 1360; x_wconf 82' lang='lat' dir='ltr'>claua</span> <span class='ocrx_word' id='word_1_74' title='bbox 1155 1303 1186 1359; x_wconf 90' lang='lat' dir='ltr'>in</span> 
     </span>
     <span class='ocr_line' id='line_1_10' title="bbox 188 1405 1186 1484; baseline 0 -22"><span class='ocrx_word' id='word_1_75' title='bbox 188 1406 304 1481; x_wconf 86' lang='lat' dir='ltr'>capite,</span> <span class='ocrx_word' id='word_1_76' title='bbox 327 1418 356 1463; x_wconf 85' lang='lat' dir='ltr'>et</span> <span class='ocrx_word' id='word_1_77' title='bbox 378 1407 504 1464; x_wconf 83' lang='lat' dir='ltr'>humeris</span> <span class='ocrx_word' id='word_1_78' title='bbox 532 1407 634 1484; x_wconf 77' lang='lat' dir='ltr'>sapius</span> <span class='ocrx_word' id='word_1_79' title='bbox 656 1405 808 1484; x_wconf 80' lang='lat' dir='ltr'>percussus</span> <span class='ocrx_word' id='word_1_80' title='bbox 827 1407 923 1464; x_wconf 76' lang='lat' dir='ltr'>inanit.</span> <span class='ocrx_word' id='word_1_81' title='bbox 954 1410 1093 1464; x_wconf 81' lang='lat' dir='ltr'>Latrones</span> <span class='ocrx_word' id='word_1_82' title='bbox 1115 1407 1186 1463; x_wconf 85' lang='lat' dir='ltr'>verb</span> 
     </span>
     <span class='ocr_line' id='line_1_11' title="bbox 188 1489 1187 1586; baseline 0.002 -22"><span class='ocrx_word' id='word_1_83' title='bbox 188 1509 275 1565; x_wconf 88' lang='lat' dir='ltr'>tantis</span> <span class='ocrx_word' id='word_1_84' title='bbox 296 1509 401 1566; x_wconf 89' lang='lat' dir='ltr'>ictibus</span> <span class='ocrx_word' id='word_1_85' title='bbox 422 1510 627 1586; x_wconf 87' lang='lat' dir='ltr'>interemptum</span> <span class='ocrx_word' id='word_1_86' title='bbox 654 1489 869 1580; x_wconf 81' lang='lat' dir='ltr'>existimantes,</span> <span class='ocrx_word' id='word_1_87' title='bbox 897 1509 947 1567; x_wconf 90' lang='lat' dir='ltr'>illo</span> <span class='ocrx_word' id='word_1_88' title='bbox 971 1511 1105 1567; x_wconf 88' lang='lat' dir='ltr'>omnibus</span> <span class='ocrx_word' id='word_1_89' title='bbox 1124 1528 1187 1566; x_wconf 80' lang='lat' dir='ltr'>ves-</span> 
     </span>
     <span class='ocr_line' id='line_1_12' title="bbox 188 1611 1187 1688; baseline 0.002 -20"><span class='ocrx_word' id='word_1_90' title='bbox 188 1611 285 1681; x_wconf 86' lang='lat' dir='ltr'>tibus,</span> <span class='ocrx_word' id='word_1_91' title='bbox 312 1623 341 1668; x_wconf 88' lang='lat' dir='ltr'>et</span> <span class='ocrx_word' id='word_1_92' title='bbox 363 1613 581 1688; x_wconf 75' lang='lat' dir='ltr'><strong>quamplurimis</strong></span> <span class='ocrx_word' id='word_1_93' title='bbox 601 1614 695 1670; x_wconf 86' lang='lat' dir='ltr'>aureis</span> <span class='ocrx_word' id='word_1_94' title='bbox 718 1615 831 1669; x_wconf 87' lang='lat' dir='ltr'>Venetis</span> <span class='ocrx_word' id='word_1_95' title='bbox 849 1614 1026 1688; x_wconf 84' lang='lat' dir='ltr'>exspoliato,</span> <span class='ocrx_word' id='word_1_96' title='bbox 1055 1613 1187 1670; x_wconf 85' lang='lat' dir='ltr'>interiori</span> 
     </span>
     <span class='ocr_line' id='line_1_13' title="bbox 186 1703 1186 1776; baseline 0.003 -5"><span class='ocrx_word' id='word_1_97' title='bbox 186 1725 301 1771; x_wconf 85' lang='lat' dir='ltr'>tantum</span> <span class='ocrx_word' id='word_1_98' title='bbox 329 1714 429 1772; x_wconf 84' lang='lat' dir='ltr'>tunica</span> <span class='ocrx_word' id='word_1_99' title='bbox 451 1715 543 1772; x_wconf 88' lang='lat' dir='ltr'>eidem</span> <span class='ocrx_word' id='word_1_100' title='bbox 566 1716 666 1772; x_wconf 89' lang='lat' dir='ltr'>relicta</span> <span class='ocrx_word' id='word_1_101' title='bbox 690 1703 852 1772; x_wconf 81' lang='lat' dir='ltr'>abierunt:</span> <span class='ocrx_word' id='word_1_102' title='bbox 871 1715 911 1772; x_wconf 85' lang='lat' dir='ltr'>ita</span> <span class='ocrx_word' id='word_1_103' title='bbox 935 1716 1006 1772; x_wconf 80' lang='lat' dir='ltr'>veri)</span> <span class='ocrx_word' id='word_1_104' title='bbox 1032 1715 1186 1776; x_wconf 81' lang='lat' dir='ltr'>crudeliter</span> 
     </span>
     <span class='ocr_line' id='line_1_14' title="bbox 188 1819 1186 1894; baseline 0.003 -21"><span class='ocrx_word' id='word_1_105' title='bbox 188 1827 358 1888; x_wconf 70' lang='lat' dir='ltr'>mactatus,</span> <span class='ocrx_word' id='word_1_106' title='bbox 394 1819 501 1893; x_wconf 83' lang='lat' dir='ltr'>vixque</span> <span class='ocrx_word' id='word_1_107' title='bbox 536 1819 618 1875; x_wconf 87' lang='lat' dir='ltr'>humi</span> <span class='ocrx_word' id='word_1_108' title='bbox 649 1836 768 1894; x_wconf 77' lang='lat' dir='ltr'>surgens</span> <span class='ocrx_word' id='word_1_109' title='bbox 799 1829 865 1893; x_wconf 86' lang='lat' dir='ltr'>post</span> <span class='ocrx_word' id='word_1_110' title='bbox 895 1819 1014 1893; x_wconf 82' lang='lat' dir='ltr'><strong>aliquod</strong></span> <span class='ocrx_word' id='word_1_111' title='bbox 1049 1819 1186 1894; x_wconf 85' lang='lat' dir='ltr'>temporis</span> 
     </span>
     <span class='ocr_line' id='line_1_15' title="bbox 188 1920 1186 1998; baseline 0.002 -22"><span class='ocrx_word' id='word_1_112' title='bbox 188 1920 327 1994; x_wconf 86' lang='lat' dir='ltr'>spatium,</span> <span class='ocrx_word' id='word_1_113' title='bbox 340 1920 431 1978; x_wconf 87' lang='lat' dir='ltr'>multa</span> <span class='ocrx_word' id='word_1_114' title='bbox 443 1931 528 1978; x_wconf 87' lang='lat' dir='ltr'>nocte</span> <span class='ocrx_word' id='word_1_115' title='bbox 543 1921 574 1976; x_wconf 91' lang='lat' dir='ltr'>in</span> <span class='ocrx_word' id='word_1_116' title='bbox 589 1921 743 1991; x_wconf 84' lang='lat' dir='ltr'>ciuitatem,</span> <span class='ocrx_word' id='word_1_117' title='bbox 756 1921 834 1976; x_wconf 88' lang='lat' dir='ltr'>unde</span> <span class='ocrx_word' id='word_1_118' title='bbox 848 1920 1024 1991; x_wconf 80' lang='lat' dir='ltr'>discesserat,</span> <span class='ocrx_word' id='word_1_119' title='bbox 1040 1939 1186 1998; x_wconf 80' lang='lat' dir='ltr'>regressus</span> 
     </span>
     <span class='ocr_line' id='line_1_16' title="bbox 189 2004 1186 2098; baseline 0.001 -20"><span class='ocrx_word' id='word_1_120' title='bbox 189 2033 250 2093; x_wconf 87' lang='lat' dir='ltr'>est,</span> <span class='ocrx_word' id='word_1_121' title='bbox 271 2022 322 2078; x_wconf 92' lang='lat' dir='ltr'>nbi</span> <span class='ocrx_word' id='word_1_122' title='bbox 338 2024 454 2080; x_wconf 86' lang='lat' dir='ltr'>tandem</span> <span class='ocrx_word' id='word_1_123' title='bbox 470 2023 555 2080; x_wconf 89' lang='lat' dir='ltr'>breui</span> <span class='ocrx_word' id='word_1_124' title='bbox 574 2023 646 2079; x_wconf 73' lang='lat' dir='ltr'>airis</span> <span class='ocrx_word' id='word_1_125' title='bbox 663 2004 839 2098; x_wconf 82' lang='lat' dir='ltr'>benignitate</span> <span class='ocrx_word' id='word_1_126' title='bbox 865 2023 1020 2079; x_wconf 89' lang='lat' dir='ltr'>conualuit.</span> <span class='ocrx_word' id='word_1_127' title='bbox 1046 2025 1186 2080; x_wconf 86' lang='lat' dir='ltr'>Nondum</span> 
     </span>
     <span class='ocr_line' id='line_1_17' title="bbox 189 2105 1186 2201; baseline 0.003 -21"><span class='ocrx_word' id='word_1_128' title='bbox 189 2105 286 2181; x_wconf 73' lang='lat' dir='ltr'>limen</span> <span class='ocrx_word' id='word_1_129' title='bbox 309 2126 432 2182; x_wconf 86' lang='lat' dir='ltr'>triennio</span> <span class='ocrx_word' id='word_1_130' title='bbox 457 2138 602 2182; x_wconf 86' lang='lat' dir='ltr'>transacto</span> <span class='ocrx_word' id='word_1_131' title='bbox 626 2127 693 2182; x_wconf 86' lang='lat' dir='ltr'>satis</span> <span class='ocrx_word' id='word_1_132' title='bbox 709 2127 838 2201; x_wconf 88' lang='lat' dir='ltr'>locuples</span> <span class='ocrx_word' id='word_1_133' title='bbox 857 2125 966 2196; x_wconf 83' lang='lat' dir='ltr'>lactus,</span> <span class='ocrx_word' id='word_1_134' title='bbox 989 2125 1080 2200; x_wconf 86' lang='lat' dir='ltr'>iisque</span> <span class='ocrx_word' id='word_1_135' title='bbox 1101 2126 1186 2183; x_wconf 86' lang='lat' dir='ltr'>bonis</span> 
     </span>
     <span class='ocr_line' id='line_1_18' title="bbox 189 2227 1185 2304; baseline -0.001 -20"><span class='ocrx_word' id='word_1_136' title='bbox 189 2239 363 2299; x_wconf 90' lang='lat' dir='ltr'>contentus,</span> <span class='ocrx_word' id='word_1_137' title='bbox 385 2229 490 2304; x_wconf 91' lang='lat' dir='ltr'>quibus</span> <span class='ocrx_word' id='word_1_138' title='bbox 513 2239 646 2304; x_wconf 85' lang='lat' dir='ltr'>parentes</span> <span class='ocrx_word' id='word_1_139' title='bbox 672 2248 757 2299; x_wconf 91' lang='lat' dir='ltr'>suos,</span> <span class='ocrx_word' id='word_1_140' title='bbox 782 2240 811 2285; x_wconf 90' lang='lat' dir='ltr'>et</span> <span class='ocrx_word' id='word_1_141' title='bbox 838 2247 1022 2285; x_wconf 88' lang='lat' dir='ltr'>numerosam</span> <span class='ocrx_word' id='word_1_142' title='bbox 1049 2227 1185 2284; x_wconf 77' lang='lat' dir='ltr'>familiam</span> 
     </span>
     <span class='ocr_line' id='line_1_19' title="bbox 190 2331 1186 2402; baseline -0.001 -15"><span class='ocrx_word' id='word_1_143' title='bbox 190 2331 325 2387; x_wconf 88' lang='lat' dir='ltr'>decenter</span> <span class='ocrx_word' id='word_1_144' title='bbox 350 2333 459 2402; x_wconf 87' lang='lat' dir='ltr'>aleret,</span> <span class='ocrx_word' id='word_1_145' title='bbox 484 2333 549 2388; x_wconf 75' lang='lat' dir='ltr'>cum</span> <span class='ocrx_word' id='word_1_146' title='bbox 573 2335 721 2388; x_wconf 83' lang='lat' dir='ltr'>Bellunum</span> <span class='ocrx_word' id='word_1_147' title='bbox 742 2333 837 2388; x_wconf 82' lang='lat' dir='ltr'>natale</span> <span class='ocrx_word' id='word_1_148' title='bbox 859 2332 952 2388; x_wconf 91' lang='lat' dir='ltr'>solum</span> <span class='ocrx_word' id='word_1_149' title='bbox 973 2349 1101 2387; x_wconf 89' lang='lat' dir='ltr'>remeare</span> <span class='ocrx_word' id='word_1_150' title='bbox 1126 2349 1186 2386; x_wconf 82' lang='lat' dir='ltr'>me·</span> 
     </span>
     <span class='ocr_line' id='line_1_20' title="bbox 189 2427 1184 2510; baseline 0.002 -22"><span class='ocrx_word' id='word_1_151' title='bbox 189 2432 351 2505; x_wconf 88' lang='lat' dir='ltr'>ditaretur,</span> <span class='ocrx_word' id='word_1_152' title='bbox 371 2427 465 2490; x_wconf 87' lang='lat' dir='ltr'>subita</span> <span class='ocrx_word' id='word_1_153' title='bbox 486 2434 573 2510; x_wconf 88' lang='lat' dir='ltr'>pestis</span> <span class='ocrx_word' id='word_1_154' title='bbox 585 2434 614 2490; x_wconf 80' lang='lat' dir='ltr'>vi</span> <span class='ocrx_word' id='word_1_155' title='bbox 628 2434 658 2488; x_wconf 89' lang='lat' dir='ltr'>in</span> <span class='ocrx_word' id='word_1_156' title='bbox 676 2434 724 2489; x_wconf 90' lang='lat' dir='ltr'>illa</span> <span class='ocrx_word' id='word_1_157' title='bbox 744 2433 858 2490; x_wconf 84' lang='lat' dir='ltr'>ciuitate</span> <span class='ocrx_word' id='word_1_158' title='bbox 871 2433 1026 2504; x_wconf 75' lang='lat' dir='ltr'>saeuiente,</span> <span class='ocrx_word' id='word_1_159' title='bbox 1048 2443 1077 2488; x_wconf 91' lang='lat' dir='ltr'>et</span> <span class='ocrx_word' id='word_1_160' title='bbox 1096 2450 1184 2508; x_wconf 87' lang='lat' dir='ltr'>quam</span> 
     </span>
     <span class='ocr_line' id='line_1_21' title="bbox 101 2527 1184 2611; baseline 0.002 -20"><span class='ocrx_word' id='word_1_161' title='bbox 101 2597 105 2610; x_wconf 37' lang='lat'>¹</span> <span class='ocrx_word' id='word_1_162' title='bbox 189 2535 286 2592; x_wconf 87' lang='lat' dir='ltr'>multis</span> <span class='ocrx_word' id='word_1_163' title='bbox 312 2547 490 2608; x_wconf 82' lang='lat' dir='ltr'>sananerat,</span> <span class='ocrx_word' id='word_1_164' title='bbox 523 2537 644 2593; x_wconf 87' lang='lat' dir='ltr'>eandem</span> <span class='ocrx_word' id='word_1_165' title='bbox 670 2527 730 2610; x_wconf 81' lang='lat' dir='ltr'>ipse</span> <span class='ocrx_word' id='word_1_166' title='bbox 756 2553 875 2611; x_wconf 86' lang='lat' dir='ltr'>qnoque</span> <span class='ocrx_word' id='word_1_167' title='bbox 900 2547 1048 2592; x_wconf 87' lang='lat' dir='ltr'>contactus</span> <span class='ocrx_word' id='word_1_168' title='bbox 1076 2554 1184 2610; x_wconf 88' lang='lat' dir='ltr'>paucos</span> 
     </span>
     <span class='ocr_line' id='line_1_22' title="bbox 189 2637 1185 2712; baseline 0 -18"><span class='ocrx_word' id='word_1_169' title='bbox 189 2648 256 2712; x_wconf 87' lang='lat' dir='ltr'>post</span> <span class='ocrx_word' id='word_1_170' title='bbox 281 2637 341 2694; x_wconf 87' lang='lat' dir='ltr'>dies</span> <span class='ocrx_word' id='word_1_171' title='bbox 369 2650 428 2694; x_wconf 86' lang='lat' dir='ltr'>tam</span> <span class='ocrx_word' id='word_1_172' title='bbox 449 2639 602 2694; x_wconf 85' lang='lat' dir='ltr'>immatura</span> <span class='ocrx_word' id='word_1_173' title='bbox 631 2648 713 2694; x_wconf 77' lang='lat' dir='ltr'>etate</span> <span class='ocrx_word' id='word_1_174' title='bbox 739 2638 776 2694; x_wconf 87' lang='lat' dir='ltr'>ab</span> <span class='ocrx_word' id='word_1_175' title='bbox 799 2637 932 2694; x_wconf 88' lang='lat' dir='ltr'>omnibns</span> <span class='ocrx_word' id='word_1_176' title='bbox 956 2637 1109 2695; x_wconf 89' lang='lat' dir='ltr'>destitutus</span> <span class='ocrx_word' id='word_1_177' title='bbox 1132 2637 1185 2710; x_wconf 82' lang='lat' dir='ltr'>mi-</span> 
     </span>
     <span class='ocr_line' id='line_1_23' title="bbox 188 2738 1185 2816; baseline 0.002 -21"><span class='ocrx_word' id='word_1_178' title='bbox 188 2739 350 2797; x_wconf 85' lang='lat' dir='ltr'>serabiliter</span> <span class='ocrx_word' id='word_1_179' title='bbox 369 2741 493 2796; x_wconf 80' lang='lat' dir='ltr'>animam</span> <span class='ocrx_word' id='word_1_180' title='bbox 509 2738 638 2811; x_wconf 79' lang='lat' dir='ltr'>efflauit,</span> <span class='ocrx_word' id='word_1_181' title='bbox 657 2741 858 2816; x_wconf 86' lang='lat' dir='ltr'>patriamque,</span> <span class='ocrx_word' id='word_1_182' title='bbox 879 2752 907 2796; x_wconf 91' lang='lat' dir='ltr'>et</span> <span class='ocrx_word' id='word_1_183' title='bbox 928 2752 1060 2816; x_wconf 83' lang='lat' dir='ltr'>parentes</span> <span class='ocrx_word' id='word_1_184' title='bbox 1079 2741 1123 2797; x_wconf 89' lang='lat' dir='ltr'>sui</span> <span class='ocrx_word' id='word_1_185' title='bbox 1136 2759 1185 2797; x_wconf 84' lang='lat' dir='ltr'>ex·</span> 
     </span>
     <span class='ocr_line' id='line_1_24' title="bbox 189 2841 569 2916; baseline -0.003 -18"><span class='ocrx_word' id='word_1_186' title='bbox 189 2841 353 2916; x_wconf 78' lang='lat' dir='ltr'>perlatione</span> <span class='ocrx_word' id='word_1_187' title='bbox 376 2842 569 2898; x_wconf 69' lang='lat' dir='ltr'>demandauit.</span> 
     </span>
     <span class='ocr_line' id='line_1_25' title="bbox 195 2944 1348 3028; baseline 0 -27"><span class='ocrx_word' id='word_1_188' title='bbox 195 3016 197 3021; x_wconf 26' lang='grc'><strong>,</strong></span> <span class='ocrx_word' id='word_1_189' title='bbox 229 2944 332 3001; x_wconf 77' lang='lat' dir='ltr'>Infelix</span> <span class='ocrx_word' id='word_1_190' title='bbox 351 2945 436 3001; x_wconf 83' lang='lat' dir='ltr'>etiam</span> <span class='ocrx_word' id='word_1_191' title='bbox 457 2957 500 3002; x_wconf 88' lang='lat' dir='ltr'>est</span> <span class='ocrx_word' id='word_1_192' title='bbox 519 2947 618 3003; x_wconf 66' lang='lat' dir='ltr'>Miser</span> <span class='ocrx_word' id='word_1_193' title='bbox 637 2949 769 3004; x_wconf 74' lang='lat' dir='ltr'>Aaronem</span> <span class='ocrx_word' id='word_1_194' title='bbox 794 2949 940 3004; x_wconf 80' lang='lat' dir='ltr'>Tunatnrs</span> <span class='ocrx_word' id='word_1_195' title='bbox 959 2948 1099 3005; x_wconf 88' lang='lat' dir='ltr'>interitus.</span> <span class='ocrx_word' id='word_1_196' title='bbox 1119 2948 1185 3004; x_wconf 85' lang='lat' dir='ltr'>Fuit</span> <span class='ocrx_word' id='word_1_197' title='bbox 1212 2948 1348 3028; x_wconf 61' lang='lat' dir='ltr'>MAan-</span> 
     </span>
     <span class='ocr_line' id='line_1_26' title="bbox 189 3017 1342 3135; baseline 0.003 -32"><span class='ocrx_word' id='word_1_198' title='bbox 189 3047 214 3104; x_wconf 86' lang='lat' dir='ltr'>is</span> <span class='ocrx_word' id='word_1_199' title='bbox 240 3049 408 3123; x_wconf 81' lang='lat' dir='ltr'>Hieronymi</span> <span class='ocrx_word' id='word_1_200' title='bbox 431 3050 600 3104; x_wconf 74' lang='lat' dir='ltr'>Veronensis</span> <span class='ocrx_word' id='word_1_201' title='bbox 627 3050 682 3106; x_wconf 75' lang='lat' dir='ltr'>viri</span> <span class='ocrx_word' id='word_1_202' title='bbox 710 3051 881 3122; x_wconf 63' lang='lat' dir='ltr'>clarssssimi,</span> <span class='ocrx_word' id='word_1_203' title='bbox 910 3050 962 3126; x_wconf 88' lang='lat' dir='ltr'>qui</span> <span class='ocrx_word' id='word_1_204' title='bbox 991 3051 1116 3125; x_wconf 71' lang='lat' dir='ltr'>Patauijj·</span> <span class='ocrx_word' id='word_1_205' title='bbox 1131 3017 1342 3135; x_wconf 37' lang='lat' dir='ltr'>lucrm-uqi*</span> 
     </span>
     <span class='ocr_line' id='line_1_27' title="bbox 190 3151 1186 3228; baseline 0.005 -24"><span class='ocrx_word' id='word_1_206' title='bbox 190 3151 296 3208; x_wconf 89' lang='lat' dir='ltr'>multos</span> <span class='ocrx_word' id='word_1_207' title='bbox 315 3170 407 3208; x_wconf 84' lang='lat' dir='ltr'>annos</span> <span class='ocrx_word' id='word_1_208' title='bbox 425 3153 602 3208; x_wconf 83' lang='lat' dir='ltr'>Medicinam</span> <span class='ocrx_word' id='word_1_209' title='bbox 621 3170 726 3228; x_wconf 83' lang='lat' dir='ltr'>magno</span> <span class='ocrx_word' id='word_1_210' title='bbox 748 3153 878 3208; x_wconf 89' lang='lat' dir='ltr'>omnium</span> <span class='ocrx_word' id='word_1_211' title='bbox 895 3153 1028 3228; x_wconf 85' lang='lat' dir='ltr'>prosectu</span> <span class='ocrx_word' id='word_1_212' title='bbox 1046 3154 1186 3210; x_wconf 88' lang='lat' dir='ltr'>docuerat</span> 
     </span>
     <span class='ocr_line' id='line_1_28' title="bbox 183 3253 1185 3333; baseline 0.004 -24"><span class='ocrx_word' id='word_1_213' title='bbox 183 3253 276 3326; x_wconf 85' lang='lat' dir='ltr'>filius.</span> <span class='ocrx_word' id='word_1_214' title='bbox 317 3255 434 3312; x_wconf 88' lang='lat' dir='ltr'>quenis</span> <span class='ocrx_word' id='word_1_215' title='bbox 462 3254 655 3330; x_wconf 88' lang='lat' dir='ltr'>dubioprocul</span> <span class='ocrx_word' id='word_1_216' title='bbox 677 3255 707 3310; x_wconf 90' lang='lat' dir='ltr'>in</span> <span class='ocrx_word' id='word_1_217' title='bbox 733 3256 812 3312; x_wconf 88' lang='lat' dir='ltr'>omni</span> <span class='ocrx_word' id='word_1_218' title='bbox 835 3255 1049 3330; x_wconf 83' lang='lat' dir='ltr'>disciplinarum</span> <span class='ocrx_word' id='word_1_219' title='bbox 1079 3275 1185 3333; x_wconf 83' lang='lat' dir='ltr'>genere</span> 
     </span>
     <span class='ocr_line' id='line_1_29' title="bbox 191 3357 1186 3434; baseline 0.006 -23"><span class='ocrx_word' id='word_1_220' title='bbox 191 3357 277 3433; x_wconf 72' lang='lat' dir='ltr'>longe</span> <span class='ocrx_word' id='word_1_221' title='bbox 300 3358 376 3414; x_wconf 84' lang='lat' dir='ltr'>ultra</span> <span class='ocrx_word' id='word_1_222' title='bbox 397 3376 485 3432; x_wconf 84' lang='lat' dir='ltr'>quam</span> <span class='ocrx_word' id='word_1_223' title='bbox 501 3370 568 3414; x_wconf 82' lang='lat' dir='ltr'>aetas</span> <span class='ocrx_word' id='word_1_224' title='bbox 587 3359 694 3428; x_wconf 88' lang='lat' dir='ltr'>ferret,</span> <span class='ocrx_word' id='word_1_225' title='bbox 716 3358 940 3430; x_wconf 88' lang='lat' dir='ltr'>eruditissimus,</span> <span class='ocrx_word' id='word_1_226' title='bbox 964 3359 1093 3434; x_wconf 71' lang='lat' dir='ltr'>inprimis</span> <span class='ocrx_word' id='word_1_227' title='bbox 1113 3361 1186 3418; x_wconf 84' lang='lat' dir='ltr'>ado-</span> 
     </span>
     <span class='ocr_line' id='line_1_30' title="bbox 190 3458 1183 3546; baseline 0.005 -32"><span class='ocrx_word' id='word_1_228' title='bbox 190 3458 331 3516; x_wconf 79' lang='lat' dir='ltr'>lescentiae</span> <span class='ocrx_word' id='word_1_229' title='bbox 357 3463 439 3519; x_wconf 85' lang='lat' dir='ltr'>annis</span> <span class='ocrx_word' id='word_1_230' title='bbox 461 3461 571 3535; x_wconf 77' lang='lat' dir='ltr'>Patauii</span> <span class='ocrx_word' id='word_1_231' title='bbox 598 3462 709 3546; x_wconf 80' lang='lat' dir='ltr'>etipse</span> <span class='ocrx_word' id='word_1_232' title='bbox 736 3461 851 3536; x_wconf 76' lang='lat' dir='ltr'>publici</span> <span class='ocrx_word' id='word_1_233' title='bbox 876 3461 1040 3535; x_wconf 81' lang='lat' dir='ltr'>professus,</span> <span class='ocrx_word' id='word_1_234' title='bbox 1063 3464 1183 3519; x_wconf 54' lang='lat' dir='ltr'>Diana</span> 
     </span>
     <span class='ocr_line' id='line_1_31' title="bbox 192 3563 1183 3640; baseline 0.008 -24"><span class='ocrx_word' id='word_1_235' title='bbox 192 3563 293 3634; x_wconf 90' lang='lat' dir='ltr'>ticam,</span> <span class='ocrx_word' id='word_1_236' title='bbox 311 3563 541 3640; x_wconf 72' lang='lat' dir='ltr'>Philosophiam,</span> <span class='ocrx_word' id='word_1_237' title='bbox 563 3575 592 3620; x_wconf 88' lang='lat' dir='ltr'>et</span> <span class='ocrx_word' id='word_1_238' title='bbox 604 3566 782 3622; x_wconf 82' lang='lat' dir='ltr'>Medicinam</span> <span class='ocrx_word' id='word_1_239' title='bbox 795 3564 903 3621; x_wconf 77' lang='lat' dir='ltr'>domuit.</span> <span class='ocrx_word' id='word_1_240' title='bbox 915 3565 1183 3624; x_wconf 68' lang='lat' dir='ltr'>&#39;Turbulentissimis</span> 
     </span>
     <span class='ocr_line' id='line_1_32' title="bbox 190 3665 1182 3743; baseline 0.005 -24"><span class='ocrx_word' id='word_1_241' title='bbox 190 3665 307 3721; x_wconf 88' lang='lat' dir='ltr'>demum</span> <span class='ocrx_word' id='word_1_242' title='bbox 331 3668 509 3741; x_wconf 87' lang='lat' dir='ltr'>temporibus</span> <span class='ocrx_word' id='word_1_243' title='bbox 524 3667 693 3724; x_wconf 88' lang='lat' dir='ltr'>atrocissimi</span> <span class='ocrx_word' id='word_1_244' title='bbox 711 3667 786 3722; x_wconf 86' lang='lat' dir='ltr'>illins</span> <span class='ocrx_word' id='word_1_245' title='bbox 804 3668 836 3722; x_wconf 90' lang='lat' dir='ltr'>in</span> <span class='ocrx_word' id='word_1_246' title='bbox 854 3669 981 3724; x_wconf 83' lang='lat' dir='ltr'>Venetos</span> <span class='ocrx_word' id='word_1_247' title='bbox 998 3668 1079 3738; x_wconf 87' lang='lat' dir='ltr'>belli,</span> <span class='ocrx_word' id='word_1_248' title='bbox 1102 3670 1182 3743; x_wconf 83' lang='lat' dir='ltr'>quod</span> 
     </span>
     <span class='ocr_line' id='line_1_33' title="bbox 192 3757 1184 3846; baseline 0.007 -25"><span class='ocrx_word' id='word_1_249' title='bbox 192 3757 221 3821; x_wconf 82' lang='lat' dir='ltr'>iri</span> <span class='ocrx_word' id='word_1_250' title='bbox 246 3785 295 3823; x_wconf 86' lang='lat' dir='ltr'>eos</span> <span class='ocrx_word' id='word_1_251' title='bbox 321 3769 543 3826; x_wconf 78' lang='lat' dir='ltr'>Chn&#39;stt&#39;anorum</span> <span class='ocrx_word' id='word_1_252' title='bbox 563 3771 691 3828; x_wconf 90' lang='lat' dir='ltr'>omnium</span> <span class='ocrx_word' id='word_1_253' title='bbox 713 3772 822 3845; x_wconf 77' lang='lat' dir='ltr'>Regum</span> <span class='ocrx_word' id='word_1_254' title='bbox 850 3769 1048 3826; x_wconf 83' lang='lat' dir='ltr'>coniuratione</span> <span class='ocrx_word' id='word_1_255' title='bbox 1072 3783 1184 3846; x_wconf 84' lang='lat' dir='ltr'>gestum</span> 
     </span>
     <span class='ocr_line' id='line_1_34' title="bbox 191 3871 1184 3948; baseline 0.006 -24"><span class='ocrx_word' id='word_1_256' title='bbox 191 3881 255 3939; x_wconf 86' lang='lat' dir='ltr'>est,</span> <span class='ocrx_word' id='word_1_257' title='bbox 279 3881 312 3926; x_wconf 93' lang='lat' dir='ltr'>ut</span> <span class='ocrx_word' id='word_1_258' title='bbox 336 3871 519 3929; x_wconf 88' lang='lat' dir='ltr'>incommoda</span> <span class='ocrx_word' id='word_1_259' title='bbox 541 3873 589 3930; x_wconf 82' lang='lat' dir='ltr'>illa</span> <span class='ocrx_word' id='word_1_260' title='bbox 613 3874 756 3944; x_wconf 81' lang='lat' dir='ltr'>eniteret,</span> <span class='ocrx_word' id='word_1_261' title='bbox 781 3884 810 3928; x_wconf 86' lang='lat' dir='ltr'>et</span> <span class='ocrx_word' id='word_1_262' title='bbox 833 3891 894 3929; x_wconf 87' lang='lat' dir='ltr'>non</span> <span class='ocrx_word' id='word_1_263' title='bbox 915 3884 983 3948; x_wconf 81' lang='lat' dir='ltr'>epta</span> <span class='ocrx_word' id='word_1_264' title='bbox 1002 3873 1062 3930; x_wconf 84' lang='lat' dir='ltr'>iam</span> <span class='ocrx_word' id='word_1_265' title='bbox 1083 3873 1184 3931; x_wconf 88' lang='lat' dir='ltr'>studiis</span> 
     </span>
     <span class='ocr_line' id='line_1_35' title="bbox 191 3961 1184 4052; baseline 0.005 -26"><span class='ocrx_word' id='word_1_266' title='bbox 191 3971 256 4026; x_wconf 84' lang='lat' dir='ltr'>locu</span> <span class='ocrx_word' id='word_1_267' title='bbox 280 3973 456 4047; x_wconf 86' lang='lat' dir='ltr'>declinaret,</span> <span class='ocrx_word' id='word_1_268' title='bbox 485 3969 608 4052; x_wconf 83' lang='lat' dir='ltr'>Papiam</span> <span class='ocrx_word' id='word_1_269' title='bbox 630 3961 784 4032; x_wconf 85' lang='lat' dir='ltr'>accersitus</span> <span class='ocrx_word' id='word_1_270' title='bbox 807 3976 930 4032; x_wconf 74' lang='lat' dir='ltr'>maxima</span> <span class='ocrx_word' id='word_1_271' title='bbox 961 3994 1026 4031; x_wconf 89' lang='lat' dir='ltr'>cum</span> <span class='ocrx_word' id='word_1_272' title='bbox 1055 3977 1184 4032; x_wconf 84' lang='lat' dir='ltr'>omnium</span> 
     </span>
     <span class='ocr_line' id='line_1_36' title="bbox 191 4061 1189 4162; baseline 0.008 -34"><span class='ocrx_word' id='word_1_273' title='bbox 191 4073 399 4147; x_wconf 82' lang='lat' dir='ltr'>admiratione,</span> <span class='ocrx_word' id='word_1_274' title='bbox 427 4077 478 4152; x_wconf 89' lang='lat' dir='ltr'>qui</span> <span class='ocrx_word' id='word_1_275' title='bbox 498 4077 610 4134; x_wconf 91' lang='lat' dir='ltr'>iuuenis</span> <span class='ocrx_word' id='word_1_276' title='bbox 630 4079 810 4149; x_wconf 85' lang='lat' dir='ltr'>doctrinam,</span> <span class='ocrx_word' id='word_1_277' title='bbox 834 4090 863 4134; x_wconf 89' lang='lat' dir='ltr'>et</span> <span class='ocrx_word' id='word_1_278' title='bbox 883 4078 1076 4160; x_wconf 68' lang='lat' dir='ltr'>eloquentiam</span> <span class='ocrx_word' id='word_1_279' title='bbox 1103 4061 1189 4162; x_wconf 65' lang='lat' dir='ltr'>coni-¹</span> 
     </span>
     <span class='ocr_line' id='line_1_37' title="bbox 190 4167 1186 4258; baseline 0.007 -27"><span class='ocrx_word' id='word_1_280' title='bbox 190 4177 386 4252; x_wconf 78' lang='lat' dir='ltr'>mandebant,</span> <span class='ocrx_word' id='word_1_281' title='bbox 413 4178 613 4256; x_wconf 86' lang='lat' dir='ltr'>profitebatur.</span> <span class='ocrx_word' id='word_1_282' title='bbox 642 4182 715 4238; x_wconf 73' lang='lat' dir='ltr'>Cim</span> <span class='ocrx_word' id='word_1_283' title='bbox 742 4199 815 4239; x_wconf 79' lang='lat' dir='ltr'>ecoe</span> <span class='ocrx_word' id='word_1_284' title='bbox 831 4167 1186 4258; x_wconf 66' lang='lat' dir='ltr'>iniquissima‘correpmt</span> 
     </span>
    </p>
   </div>
   <div class='ocr_carea' id='block_1_3' title="bbox 0 0 1610 5168">
    <p class='ocr_par' dir='ltr' id='par_1_3' title="bbox 0 0 1610 5168">
     <span class='ocr_line' id='line_1_38' title="bbox 0 0 1610 5168; baseline 0 0"><span class='ocrx_word' id='word_1_285' title='bbox 0 0 1610 5168; x_wconf 95' lang='lat' dir='ltr'> </span> 
     </span>
    </p>
   </div>
  </div>
 </body>
</html>
