3202 5168
456 422 476 479 2
704 423 825 478 Jotunrs
845 421 941 494 Prurrj
964 424 1146 490 Virunum,
1167 439 1205 478 ne

457 569 522 606 cnm
553 549 728 606 salutaturus
758 549 815 604 huc
845 549 1047 618 adueneram3
1074 549 1175 604 verbm
1208 567 1274 605 eum
1304 552 1454 608 domestici

456 651 618 728 puluinaria
649 663 757 724 septem
786 649 915 707 inrisisse
945 650 1041 720 aiunt,
1069 669 1159 726 quare
1186 653 1263 706 nulla
1290 655 1400 728 reliqua
1421 653 1453 708 stt

457 774 542 830 spes,
566 765 599 809 nt
623 750 746 810 hominis
769 764 925 826 conspectu
948 753 1035 808 hodie
1058 753 1198 810 fruamur.
1217 755 1274 811 Sed
1303 755 1373 828 quid
1402 757 1455 812 oh-

457 875 537 914 secro
558 853 664 931 negotij
689 853 771 910 vobis
790 855 869 928 apud
890 854 971 910 illum
995 856 1060 910 est?
1077 857 1263 929 Quamquam
1282 856 1389 914 insulse
1408 877 1454 913 me

455 959 511 1014 hoc
531 956 709 1032 interrogare
725 937 835 1025 sentio,
853 955 905 1028 qui
921 956 1159 1029 probatissimos,
1176 957 1454 1033 litteratissimosque

456 1061 534 1117 viros
552 1070 724 1136 perconter,
750 1058 821 1133 quid
841 1057 896 1114 illis
918 1058 1025 1133 negotij
1048 1057 1084 1113 sit
1103 1059 1181 1132 apud
1201 1061 1356 1117 omnifarie
1373 1063 1455 1118 Prin·

457 1163 549 1238 cipem
579 1160 757 1218 eruditionis.
785 1161 892 1229 Certe3
918 1160 1042 1244 suscepit
1068 1163 1194 1230 Gratia,
1224 1173 1340 1236 poteras
1369 1182 1404 1219 ex
1428 1175 1456 1219 te

457 1265 619 1339 conjicere,
647 1263 720 1339 quid
749 1264 841 1320 acturi
867 1282 1053 1331 veneramus3
1082 1264 1190 1336 quippe
1218 1265 1296 1319 nulla
1330 1265 1385 1320 alia
1419 1267 1456 1321 de

457 1386 566 1437 causa,
596 1366 652 1423 nisi
684 1377 718 1422 ut
745 1365 864 1440 abelus
887 1383 1043 1441 congressu
1068 1367 1210 1436 beatiores
1239 1367 1456 1440 quodammodo

459 1467 691 1538 discederemus,
714 1468 795 1542 quod
817 1477 846 1522 ct
865 1485 977 1541 semper
998 1467 1133 1542 contigit,
1155 1479 1183 1523 et
1204 1468 1282 1538 heri,
1304 1481 1333 1524 et
1352 1469 1457 1525 nudius

460 1571 560 1628 tertius
587 1571 707 1627 maxime
732 1569 814 1625 beari
838 1569 888 1624 visi
913 1588 1031 1638 sumus,
1062 1573 1128 1626 crim
1148 1589 1254 1645 magno
1280 1590 1333 1626 nos
1359 1590 1458 1627 errore

459 1673 613 1742 liberauit,
635 1672 686 1746 qui
702 1671 856 1728 Litteratos
875 1690 974 1726 omnes
998 1671 1034 1726 ad
1054 1690 1213 1741 aerumnas,
1234 1685 1262 1727 et
1279 1672 1457 1729 infelicitates

460 1776 539 1833 nasci
557 1776 613 1831 hoc
627 1773 788 1849 presertim
809 1785 937 1847 tempore
957 1773 1096 1847 suspicari
1117 1792 1298 1847 ceperamus.
1321 1777 1392 1830 Eam
1412 1776 1458 1830 ille

460 1877 627 1952 opinionem
655 1876 861 1950 sapientissima
888 1875 1082 1948 disputatione
1108 1876 1241 1945 sustulit,
1269 1887 1318 1944 et,
1348 1894 1459 1932 nenos

460 1980 565 2036 horum
587 1979 750 2034 studiorum
772 1996 865 2056 usque
891 1977 964 2033 adei)
984 1975 1149 2050 paeniteret,
1169 1977 1274 2032 effecit.
1298 1978 1351 2033 llic
1380 1996 1459 2053 ego,

463 2085 594 2162 Grcnam
615 2098 766 2155 nunquam
785 2098 880 2162 neque
903 2079 1027 2149 temere,
1046 2097 1140 2153 neque
1160 2078 1225 2140 ficti
1243 2080 1325 2153 loqui
1345 2081 1460 2144 solitum

461 2186 548 2260 longa
571 2184 674 2240 doctus
694 2184 901 2250 consuetudine
922 2182 1060 2257 augurari
1083 2182 1172 2256 caepi,
1203 2200 1364 2240 sermonem
1393 2201 1460 2240 eum

461 2305 497 2342 ex
519 2305 554 2343 eo
575 2303 680 2362 genere
701 2285 807 2356 fuisse,
840 2285 921 2360 quod
945 2284 1055 2357 Patanij
1072 2284 1226 2359 ,trigesimo
1255 2287 1359 2345 abhinc
1375 2307 1460 2345 *anno

462 2393 492 2447 in
517 2390 739 2446 Contamnorum
763 2388 899 2456 aedibus,
931 2407 1009 2443 nunc
1039 2389 1118 2462 apud
1148 2388 1242 2462 ipsum
1273 2392 1456 2464 eriperem,

464 2509 542 2546 nunc
574 2490 654 2565 apud
682 2491 742 2546 eius
772 2492 931 2564 patruelem
959 2494 1094 2547 Marcum
1117 2492 1284 2554 ‚Antonium
1314 2494 1461 2564 Flauum,

463 2592 610 2648 interdum
636 2592 720 2648 etiem
736 2591 825 2666 -epnd
849 2594 995 2650 Andream
1023 2593 1216 2666 Nauagcrium
1245 2597 1318 2668 saepe
1347 2596 1462 2652 solitum

465 2694 578 2750 conseri
603 2693 796 2748 memineram.
825 2693 912 2748 Cuius
941 2695 1140 2750 recordatione
1164 2695 1317 2766 incensus,
1343 2699 1462 2754 obsecro

467 2796 603 2869 inquam,
622 2795 662 2850 mi
685 2783 782 2852 Crono
802 2795 954 2864 Pontifex,
975 2808 1003 2850 et
1024 2808 1057 2852 tu
1080 2799 1173 2852 Coloti
1192 2817 1377 2872 nequaquam
1394 2800 1463 2855 milri

469 2898 606 2953 sermonis
634 2896 737 2965 istius,
759 2914 819 2969 quo
843 2915 895 2952 vos
918 2898 934 2951 a
958 2899 1117 2954 Contoreno
1138 2901 1219 2956 beari
1242 2903 1383 2971 asseritis,
1411 2921 1462 2958 ex·

469 3000 652 3074 plicationem
673 2999 846 3069 inuideatis,
873 3011 906 3055 ut
924 3001 990 3056 hinc
1011 3020 1161 3058 maerorem
1181 3004 1307 3074 leniam,
1322 3019 1408 3078 quem
1430 3024 1464 3060 er

471 3121 530 3158 non
550 3103 668 3157 inuento
688 3104 817 3176 Gaspore
834 3103 961 3176 concepi.
984 3104 1037 3159 Hic
1064 3106 1196 3160 Colotius.

510 3204 685 3260 Jamdudum
710 3205 807 3273 enim,
840 3216 872 3259 ut
900 3223 934 3260 ex
958 3206 1041 3259 vultu
1064 3206 1345 3277 animaduertebam,
1369 3227 1465 3264 erum-

472 3325 540 3380 pere
559 3306 714 3382 gestiebat,
735 3307 785 3362 sed
801 3306 967 3377 Pontificis,
981 3308 1032 3382 qui
1051 3309 1131 3382 loqui
1146 3322 1286 3384 caeperat,
1304 3285 1465 3368 reuerentia

473 3409 642 3466 subticebat.
673 3413 766 3480 Quem
794 3410 888 3482 inquit
910 3451 917 3478 ,
956 3430 1116 3468 sermonem
1150 3413 1252 3486 quaeris
1284 3415 1362 3469 Pietr'
1374 3455 1382 3484 ,
1412 3415 1466 3469 nisi

475 3523 614 3586 quantum
634 3512 671 3568 ad
692 3532 745 3570 uos
764 3513 906 3588 pertinet,
928 3514 1143 3585 calamitosum,
1167 3516 1321 3586 miserum,
1343 3529 1371 3572 et
1392 3518 1466 3574 inle-

474 3615 579 3685 licem,
611 3627 753 3689 quantum
780 3616 849 3670 veri>
882 3617 919 3670 ad
954 3618 1107 3672 Contarcni
1136 3619 1303 3691 sapientiam
1332 3632 1465 3693 spectat,

475 3717 653 3772 miseriarum
677 3717 804 3772 omnium
831 3718 990 3788 medelam,
1021 3731 1048 3775 et
1071 3721 1277 3775 allevationem.
1304 3726 1342 3776 At
1371 3723 1467 3776 cnius-

477 3819 556 3874 modi
581 3819 696 3874 tandem
717 3819 793 3889 fuit,
829 3821 967 3893 inquam,
994 3840 1081 3894 quam
1099 3821 1150 3877 diu
1171 3842 1216 3876 me
1241 3823 1304 3896 ejus
1324 3825 1467 3880 desiderio

403 3931 411 3952 ³
477 3922 671 3995 torquebitisi’
686 3921 839 3990 Dicemus,
864 3922 957 3995 inquit
981 3925 1123 3993 Colotius,
1151 3937 1184 3979 ut
1208 3926 1293 4002 etium
1311 3945 1365 3999 pro
1388 3929 1466 3982 Pon-

478 4022 552 4080 tifice
574 4026 671 4080 Grana
690 4024 815 4097 loquar,
838 4035 866 4079 et
888 4025 977 4080 totius
1003 4026 1045 4080 rei
1066 4027 1194 4095 seriem,
1219 4029 1296 4082 unde
1322 4039 1384 4083 orta
1406 4039 1448 4084 est
1459 4069 1470 4110 ³.

478 4136 507 4182 et
528 4143 587 4199 quo
608 4135 693 4200 pacto
717 4125 874 4198 processit,
897 4127 1061 4186 memoriter
1082 4127 1285 4201 explicabimus
1310 4150 1316 4183 ε
1339 4131 1468 4204 cupimus
