3202 5168
361 422 594 504 erraaaroanu
614 417 831 474 lrrnnrcrrnrr.
873 417 935 472 Lib.
958 415 983 472 1.
1132 413 1169 478 19
1209 471 1211 474 ,

172 529 312 606 tractione
325 544 445 602 redditis
466 543 624 614 inutilibus,
646 561 749 618 magna
766 542 884 617 insuper
903 542 1022 619 inopia,
1041 553 1171 622 eteger-

96 713 100 723 ,
173 648 232 708 tate
251 665 418 726 oppressus,
439 629 536 703 rerum
554 647 671 702 demum
685 647 814 718 omniurn
831 646 1031 722 desperatione
1048 647 1169 718 ductus,
1254 697 1256 706 s

174 755 273 810 relicta
286 755 378 808 Roma
396 750 427 806 in
441 750 601 810 Calabriam
620 750 684 806 clun
703 750 880 820 secessisset,
904 750 934 806 in
948 749 1051 806 febrim
1073 750 1171 806 subito

173 831 293 926 incidit,
318 873 377 928 qua
402 853 453 909 diu
473 865 612 923 vexatus,
636 851 905 929 miserabiliqueeo
929 853 1058 910 omciatu
1083 859 1171 930 supe-⁶

173 969 253 1015 ratus
274 954 425 1033 expirauit.
487 1023 489 1028 Ι

211 1063 314 1135 reque
334 1060 384 1116 nu
399 1035 467 1114 nn
486 1058 541 1114 fun
552 1060 674 1115 raom
691 1061 830 1135 ruamus
852 1056 1097 1116 adamnanum
1114 1058 1184 1115 aa·
1203 1059 1314 1114 nom,

115 1213 119 1222 .
174 1163 297 1237 quentiae
316 1161 444 1232 flumen,
463 1180 522 1236 quo
543 1179 603 1216 non
622 1161 694 1221 alius
716 1177 751 1217 eo
773 1172 902 1235 tempore
923 1161 1035 1218 orando
1052 1127 1317 1237 clarior‚pl''dr“⁸'

124 1263 127 1268 ’
173 1281 268 1340 neque
293 1263 494 1320 vehementior.
515 1261 599 1333 fnit,
631 1265 766 1319 Romana
794 1264 856 1338 ipse
886 1281 1004 1338 qnoque
1033 1263 1174 1320 cathedrae

175 1367 278 1436 decus,
303 1378 332 1421 et
352 1349 561 1424 ornamentum.
585 1365 769 1436 Quam-veris
789 1365 1003 1436 miserabiliter,
1029 1367 1175 1441 quamque

173 1468 294 1544 inopino
314 1469 414 1524 mortis
435 1486 538 1544 genere
560 1479 710 1544 surreptus
731 1469 857 1544 interiit,
878 1469 948 1524 dum
968 1467 1073 1536 scilicet
1098 1470 1190 1526 naulav

174 1571 269 1626 media
288 1572 361 1627 urbe
385 1571 499 1627 vehitur
516 1570 624 1644 junctis
644 1570 878 1638 sactusobuiam
898 1570 1032 1642 bubalis,
1057 1572 1108 1645 qui
1128 1571 1175 1628 ri-

123 1735 126 1741 *
175 1675 268 1730 sendae
285 1651 489 1750 magnitudinis
506 1692 655 1730 carrucam
675 1673 848 1728 trahebant:
870 1704 909 1714 —
923 1673 1113 1730 Consternata
1134 1673 1175 1729 si-

174 1778 291 1852 qnidem
310 1778 408 1847 mula,
436 1777 608 1851 bubalisque
627 1776 784 1836 identidem
803 1775 1014 1850 perterrefactis
1035 1777 1119 1834 simul
1137 1762 1196 1833 ab'

175 1899 208 1936 ea
241 1855 389 1936 calcitrosa
418 1899 552 1936 excussus
583 1890 625 1936 est
654 1890 713 1934 tam
744 1897 853 1954 magnae
884 1890 1079 1954 corporaturae
1108 1881 1174 1948 vir,

174 1994 315 2057 quantum
323 1982 468 2048 hominem
481 1980 585 2050 nostis,
599 1980 683 2036 simul
696 1981 851 2056 irplaustro
864 1993 1029 2055 superatus,
1042 1981 1174 2056 qumvis
1188 2039 1191 2046 ,

174 2085 205 2139 in
225 2097 354 2141 rotarum
374 2085 500 2141 medium
519 2085 704 2140 interuallum
721 2083 851 2140 incidens
872 2083 1018 2140 elisionem
1040 2085 1175 2154 euitarit,

175 2199 314 2262 corrupto
329 2200 426 2243 tamen
447 2190 638 2263 praetimore,
659 2199 687 2244 et
705 2187 787 2262 graui
807 2205 876 2242 casu
895 2183 971 2242 intra
987 2185 1095 2243 viscera
1108 2205 1174 2244 san-

175 2288 277 2363 guine,
298 2290 388 2344 multa
406 2289 474 2362 inde
491 2282 600 2365 longae,
619 2301 649 2345 et
669 2290 785 2346 occultae
805 2289 975 2345 valetudinis
991 2290 1174 2348 incommoda

175 2409 344 2466 perpessus,
365 2391 395 2446 in
416 2390 561 2467 eiusmodi
582 2410 709 2448 aerumna
722 2391 786 2448 rita
806 2391 922 2449 functus
939 2403 990 2448 est.
1044 2431 1046 2434 -
1108 2409 1110 2414 ·

215 2493 294 2564 Quid
319 2494 389 2550 veris
409 2495 555 2550 Garamans
575 2497 746 2551 Panrorros
770 2504 828 2550 tam
852 2495 996 2570 elegantis
1009 2495 1193 2552 litteraturae
1210 2503 1332 2556 Camillus

175 2596 307 2669 iuuenis,
325 2615 384 2679 non
404 2615 441 2652 ne
458 2597 543 2654 etiam
560 2596 625 2667 ille,
646 2598 711 2653 crim
732 2614 767 2653 ex
778 2598 952 2654 Bononiensi
969 2597 1105 2655 cathedra
1118 2600 1177 2655 Ro-
1188 2573 1327 2625 ''mm‘'

176 2717 253 2754 mam
288 2699 325 2754 ad
343 2698 439 2755 fratris
457 2700 586 2775 germani
606 2717 741 2768 causam,
769 2699 820 2774 qui
841 2697 858 2754 ia
877 2701 954 2756 lulio
973 2701 1101 2758 Secundo
1118 2720 1175 2776 pu-

177 2801 253 2856 blico
274 2801 310 2856 de
332 2802 448 2877 negotio
469 2801 499 2856 in
519 2801 638 2856 vinculis
659 2800 842 2870 habebatur,
867 2802 1080 2875 procurandam
1104 2815 1208 2877 pro·'v

177 2903 268 2958 sectus
283 2915 375 2973 esset,
390 2903 598 2959 interueniente
611 2920 678 2956 mox
691 2902 764 2973 Juttj
778 2902 868 2977 ipsius
881 2915 984 2975 morte,
998 2904 1178 2978 suffectaque

97 3037 99 3044 ·
177 3002 218 3060 illi
238 3009 335 3060 Leone
361 3005 503 3074 Decimo,
533 3004 598 3059 ciun
627 3003 644 3059 d
667 3004 817 3060 Cardinali
836 3006 966 3075 Diuitio,
986 3005 1119 3078 virtutis,
1151 3018 1180 3064 et

178 3105 284 3181 ingenij
310 3107 380 3182 ergd
400 3107 464 3162 loco
493 3105 622 3181 germani
641 3104 737 3160 fratris
758 3089 922 3176 amaretur,
947 3106 978 3160 in
999 3125 1061 3163 eam
1081 3108 1182 3167 incidit

178 3208 390 3278 valetudinem,
412 3228 470 3283 qua
490 3227 542 3284 per
562 3210 667 3264 multos
688 3226 798 3263 menses
818 3208 1018 3265 miserabiliter
1038 3212 1195 3286 cruciatu,¹

178 3310 246 3366 totis
264 3311 398 3366 membris
419 3331 478 3366 non
492 3312 551 3366 sine
572 3311 669 3366 lethali
686 3311 788 3366 dolore
808 3309 954 3380 sideratis,
971 3312 1002 3366 in
1016 3311 1079 3386 ip'so
1093 3294 1190 3368 aenns'

179 3411 250 3470 flore
271 3412 404 3486 quintum
429 3425 456 3469 et
481 3415 649 3490 vigesimum
668 3425 753 3470 natus
778 3431 903 3486 annum,
924 3432 1032 3490 magnae
1055 3414 1184 3470 omnium

179 3514 370 3588 expectationi
390 3528 549 3591 praereptus
568 3517 637 3572 est?
879 3577 883 3586 ,
948 3591 952 3600 ⁴

215 3617 308 3673 Huius
335 3627 430 3672 autem
450 3618 544 3674 affinis
565 3622 722 3674 Pmmrrus
742 3612 913 3702 Bnaoan'nus
939 3618 1058 3691 junior,
1078 3617 1194 3694 insigni⁴
1211 3603 1341 3697 Philippus

181 3720 281 3794 etipse
295 3720 455 3776 litteratura
469 3721 606 3794 praeditus
617 3724 827 3779 bononiensem
838 3721 1002 3777 cathedram
1016 3721 1184 3794 aliquandiu
1194 3695 1336 3812 fflss‘d‘s‘

178 3833 291 3901 rexerat
298 3863 307 3892 ,
328 3823 424 3877 Romae
445 3823 512 3878 inde
525 3824 642 3897 publico
656 3823 815 3880 conductus
837 3823 939 3879 salario
959 3822 1107 3898 professus
1128 3835 1181 3879 est·
1276 3832 1279 3840 '

179 3925 250 3978 Mox
272 3942 288 3979 a
310 3927 424 3980 Ioanne
443 3926 560 3980 Medico
574 3927 723 3982 Cardmali
736 3927 873 4000 jamtum
886 3925 1024 3995 AEmiliae,
1039 3936 1067 3980 et
1086 3911 1185 4000 copia·

178 4027 243 4082 rum
259 4024 475 4083 Pontificiarum
495 4029 604 4103 Legato
624 4028 764 4086 admissus
787 4031 818 4086 in
838 4005 1009 4098 amicitiam,
1032 4027 1073 4083 illi
1097 4028 1114 4082 is
1135 4047 1181 4085 se-

179 4127 263 4186 oretis
282 4127 355 4186 fuit,
373 4132 476 4187 Postea
496 4133 566 4188 reri)
593 4132 680 4206 quam
701 4132 726 4218 ¹ia
748 4134 786 4191 ad
807 4129 1011 4192 Pontificatum
1030 4131 1157 4188 ascendit
1170 4173 1185 4204 ,
