3202 5168
422 441 462 503 30
669 447 791 504 Joanrus
811 444 908 523 Prnmj
932 450 1114 522 vitasunt,
1135 471 1174 508 on

421 569 596 630 confidentia
620 576 757 630 Romonr's
783 575 869 630 etiam
893 576 995 633 vestris
1024 588 1092 633 tunc
1116 577 1263 654 innotuit,
1296 579 1362 635 oiim
1387 579 1418 637 iu

421 675 652 751 frequentissimo
675 675 936 751 Philosophorum,
971 678 1215 756 Thelogorumque
1247 693 1418 754 conuentu,

420 780 472 834 ubi
496 779 533 834 de
550 777 581 834 re
603 778 686 835 valde
714 779 788 835 seria
815 781 978 854 agebatur,
1002 799 1088 838 ausus
1114 794 1157 838 est
1182 784 1264 840 Siato
1285 785 1421 857 Pontifici

420 883 508 939 Mor.
543 881 701 955 disputanti
724 880 896 955 imperitiam
926 882 1094 954 obiectare,
1127 901 1185 958 qua
1199 885 1260 941 ille
1290 884 1418 943 ostensus

420 983 662 1058 intemperantia,
687 984 768 1057 quod
796 983 971 1039 maiestatem
992 1003 1073 1041 snam
1097 985 1138 1041 ita
1166 988 1346 1060 contemptui
1366 987 1419 1043 ha·

419 1086 548 1155 buisset,
568 1096 629 1141 erat
643 1084 673 1140 in
692 1084 837 1141 hominem
849 1083 977 1161 giauiter
991 1086 1252 1144 animaduersuros.
1265 1089 1323 1147 Sed
1343 1089 1419 1145 euim

419 1187 565 1244 Pontificis
591 1187 709 1264 cognito
733 1187 853 1243 consilio
876 1188 949 1243 clam
975 1188 1070 1244 statim
1097 1190 1171 1244 urbe
1198 1189 1332 1266 aufugit,
1364 1193 1421 1247 Pa-

420 1291 551 1365 tauijque
569 1310 637 1346 mox
654 1309 707 1365 per
721 1309 813 1345 annos
826 1291 932 1345 multos
945 1289 1094 1364 professus
1108 1302 1160 1346 est.
1176 1291 1288 1348 Accidit
1303 1303 1419 1364 autem,

418 1403 452 1448 ut
469 1395 597 1450 Scauder
618 1396 771 1450 Turearum
791 1394 878 1466 Regis
895 1391 1088 1466 Primipilaris
1110 1392 1156 1448 vir
1180 1393 1351 1468 grauissima
1373 1395 1420 1452 di-

419 1495 542 1551 senteria
571 1496 746 1565 laboraret,
784 1494 986 1568 quaesieritque
1020 1510 1073 1568 per
1104 1494 1331 1570 cognitissimum
1365 1497 1419 1554 sibi

419 1597 566 1653 hominem
581 1600 728 1654 Andream
743 1599 895 1665 Gritteum,
916 1596 968 1669 qui
987 1614 1065 1651 nunc
1079 1597 1216 1671 Pn'rtceps
1236 1609 1335 1654 noster
1357 1610 1419 1670 est,

419 1710 453 1756 ut
484 1681 616 1756 Medicus
653 1720 689 1756 ex
725 1701 815 1756 Italc'o
845 1699 883 1755 ad
912 1716 942 1754 se
982 1698 1196 1772 quamprimum
1234 1700 1419 1772 mitteretur,

419 1802 546 1878 ingentia
574 1801 708 1873 itineris,
733 1803 888 1871 laborum,
915 1812 944 1856 et
971 1781 1045 1857 curae
1065 1801 1182 1875 praemia
1206 1814 1418 1877 reportaturus.

420 1905 551 1980 Suscepit
566 1904 747 1980 prouinciam
765 1903 886 1972 Zerbus,
912 1914 940 1958 et
958 1903 1131 1960 immensum
1150 1905 1214 1961 auri
1233 1905 1349 1980 pondus
1369 1924 1420 1981 spe

419 2026 550 2077 vorans,
582 2008 621 2063 ad
650 2009 821 2064 Scanderem
854 2004 1068 2081 proficiscitur,
1111 2025 1266 2083 secumque
1297 2007 1420 2066 filiolum

419 2110 513 2167 adbuc
533 2109 680 2184 impubem
698 2108 826 2164 adducit.
844 2110 934 2165 Curat
954 2110 1115 2183 Princioem
1135 2109 1212 2166 bunc
1232 2112 1338 2167 Zerbus
1356 2111 1420 2168 dili·

419 2225 538 2288 genter,
559 2223 588 2268 et
606 2211 733 2286 pristinae
757 2211 854 2266 reddit
878 2211 1091 2282 incolumitati,
1114 2213 1242 2268 donatur
1260 2232 1327 2269 mox
1347 2231 1419 2270 auro

419 2317 529 2385 multo,
551 2314 696 2384 vestibus,
720 2324 749 2369 et
759 2313 897 2388 gemmis,
918 2324 947 2368 et
970 2314 1111 2389 argenteis
1130 2315 1258 2389 pateris,
1281 2327 1311 2371 et
1332 2334 1420 2372 caro-

418 2417 530 2491 hsssijs,
557 2417 672 2491 aliaque
696 2417 863 2492 supellectili
890 2417 1107 2491 locupletatur,
1135 2428 1168 2473 ut
1195 2419 1220 2474 si
1246 2419 1365 2474 domum
1386 2436 1420 2477 ea

421 2520 518 2575 omnia
554 2530 702 2594 asportare
725 2519 871 2589 licuisset,
905 2537 1141 2594 unumquemque
1165 2521 1288 2595 Europae
1313 2522 1420 2596 Regem

419 2622 611 2677 instrumento
633 2621 720 2677 fuerit
739 2633 966 2696 prouocaturus.
978 2622 1054 2678 Beni
1072 2633 1169 2678 autem
1190 2641 1236 2679 res
1257 2634 1321 2680 acta
1338 2623 1419 2693 erat,

420 2724 623 2798 fatebaturque
647 2724 783 2798 Princeps
811 2736 840 2780 et
867 2724 977 2794 vitam,
1010 2735 1039 2779 et
1067 2726 1187 2780 salutem
1211 2725 1266 2782 sibi
1296 2726 1419 2784 hominis

420 2827 505 2882 huius
540 2826 688 2882 curatione
718 2837 859 2901 partam,
892 2837 1069 2901 acceptoque
1099 2826 1136 2882 ab
1169 2846 1204 2884 eo
1234 2828 1271 2885 de
1303 2829 1420 2904 reliqua

420 2930 484 2985 vitae
510 2930 622 2985 ratione
652 2930 801 3004 praeceptis
823 2939 1015 2984 commeatum
1037 2928 1165 2985 dederat.
1201 2931 1254 2986 Ille
1282 2931 1420 3004 jumentis

421 3033 547 3088 oneratis
569 3032 607 3088 ad
625 3031 777 3088 finitimum
799 3032 947 3106 quoddam
970 3033 1131 3088 Turcarum
1155 3034 1319 3103 castellum,
1342 3032 1420 3090 uude

421 3135 452 3188 in
473 3134 644 3191 Dalmatiam
671 3135 847 3205 diuerteret,
876 3153 906 3190 se
931 3132 1050 3208 recipit,
1076 3135 1272 3210 pauculosque
1294 3136 1336 3192 ibi
1359 3135 1419 3192 dies

422 3249 569 3307 moratur,
592 3227 662 3293 duni
680 3238 843 3313 praesidium
862 3237 971 3294 itineris
992 3255 1027 3293 ex
1049 3238 1204 3294 Chnsu'ani
1222 3237 1344 3294 nominis
1361 3238 1419 3293 ho-

422 3341 547 3398 minibus
568 3340 734 3410 accersitur,
756 3361 819 3415 quae
834 3341 930 3396 omnia
947 3339 1141 3415 pacatissimi,
1160 3352 1189 3396 et
1206 3338 1262 3396 fide
1278 3339 1416 3415 utrinque

422 3445 490 3500 data
521 3455 636 3518 accepta
665 3443 907 3518 transigebantur.
943 3443 1055 3500 accidit
1079 3454 1200 3512 autem,
1234 3453 1267 3498 ut
1291 3443 1419 3500 Scander

422 3559 632 3621 praeceptorum
654 3546 822 3617 immemor,
851 3559 880 3602 et
901 3557 1005 3602 natura
1025 3546 1087 3622 ipsa
1107 3546 1222 3602 minime
1245 3547 1416 3618 continens,

423 3650 493 3705 dum
510 3649 657 3705 libidinem
679 3664 761 3706 suam
781 3650 894 3722 explere
915 3648 1027 3724 pergit,
1048 3649 1078 3703 in
1095 3651 1259 3724 grauiorem
1278 3649 1419 3706 recideret

423 3752 655 3826 aegrotationem,
674 3771 733 3824 qua
746 3751 915 3807 breuissimo
935 3751 1073 3826 temporis
1088 3751 1215 3826 spaciolo
1231 3763 1418 3827 consumptus

423 3853 540 3910 interiit.
559 3852 639 3926 Filij,
664 3855 746 3910 utin
766 3853 901 3928 praeciosa
918 3853 965 3908 iila
985 3870 1119 3922 munera,
1142 3872 1205 3926 quae
1226 3865 1309 3928 pater
1329 3855 1419 3910 Zerbo

423 3956 559 4024 dederat,
580 3955 766 4025 inuaderent,
788 3955 995 4028 temporarium
1011 3972 1153 4010 venenum
1173 3955 1190 4010 a
1208 3955 1323 4011 Medico
1343 3955 1419 4030 patri

423 4057 524 4113 datum
537 4057 761 4128 calumniantes,
781 4064 962 4131 percussores
977 4055 1202 4132 expeditissimos
1224 4058 1418 4128 immiserunt,

424 4159 475 4235 qui
494 4159 669 4236 lugientem,
690 4172 723 4218 ut
743 4160 878 4232 aiebant,
903 4161 919 4217 ὸ
939 4160 1009 4236 luga
1028 4159 1215 4217 retraherent.
1237 4161 1283 4217 Illi
1303 4173 1419 4237 captum
