3202 5168
391 454 623 514 erraaaroauu
644 441 860 510 Inraurcrrara.
902 451 966 507 Lib.
987 453 1012 508 1.
1159 443 1199 505 25

200 569 392 664 bppressus
384 605 445 662 ipse
463 604 584 660 qnoque
603 583 740 660 perierit3
760 599 873 672 uosque
899 592 927 636 et
956 579 1048 636 amieo
1066 579 1197 654 optimo,
1256 661 1263 687 x

201 703 231 748 et
258 691 408 788 ingenioso
436 707 542 764 opere,
571 689 607 745 de
632 681 744 743 ratione
768 702 858 761 super
879 682 1084 760 aegrotantibus
1109 683 1199 738 disse-

201 795 304 865 rendi,
332 794 413 868 quod
433 793 639 861 inchoauerat,
660 790 767 866 priuati
786 800 927 864 perpetuo
948 785 1118 862 affligemur.

240 901 296 967 At,
317 915 355 953 ne
369 897 406 952 ab
419 896 475 951 boc
488 895 634 952 discedam
649 892 857 961 contubernio,
878 893 1071 947 Hiraonruus
1095 884 1201 963 Angeia
1208 874 1357 994 miili&

199 999 389 1057 Priamiensis
401 1016 505 1074 magna
518 997 596 1070 apud
610 1014 664 1052 nos
683 994 847 1050 celebritate
861 993 967 1050 Medici
972 991 1074 1066 filius
1094 1003 1123 1047 et
1136 991 1233 1065 ipse·
1208 1028 1273 1061 „mr

200 1103 332 1159 Medicus
361 1101 481 1157 iuuenili
511 1097 642 1174 quamuis
678 1108 759 1153 aetate
796 1097 1011 1172 peritissimus,
1046 1096 1098 1168 qui
1132 1111 1198 1150 eum

198 1205 304 1261 Albino
325 1216 354 1260 et
373 1205 488 1273 alitus,¹
507 1215 536 1258 et
558 1204 696 1259 educatus
720 1219 850 1256 sororem
872 1199 912 1254 illi
934 1201 964 1254 in
983 1197 1198 1255 matrimonium

199 1308 416 1377 collocauerat,
444 1317 598 1380 conspecta
624 1304 733 1379 etipse
754 1321 819 1359 eum
839 1321 950 1358 summo
972 1302 1059 1358 animi
1078 1317 1198 1356 maerore

199 1407 353 1466 immatura
372 1409 485 1484 nepotis
513 1420 625 1479 morte,
651 1408 863 1481 subsecutoque
890 1405 998 1462 recenti
1026 1405 1199 1461 dilectissimi

198 1513 303 1586 sororij
320 1512 438 1583 iuuere,
456 1512 574 1567 vulnere
593 1511 659 1566 binc
679 1509 822 1578 refricari,
845 1527 878 1565 ac
897 1507 1098 1564 recrudescere
1118 1507 1198 1576 viso,
1271 1567 1274 1574 ,

198 1617 384 1690 usqueadeo
410 1615 552 1672 cruciatus
575 1615 682 1684 animi,
707 1625 735 1670 et
757 1612 880 1668 afflictus
901 1623 963 1683 est,
986 1621 1019 1666 ut
1041 1631 1077 1666 ex
1098 1611 1198 1680 luctu,

198 1731 226 1775 et
246 1737 367 1776 maerore
380 1720 603 1789 contabescens,
623 1717 708 1774 breui
726 1717 787 1793 ipse
802 1735 920 1792 quoque
934 1717 1199 1774 coniunctissimum

114 1831 121 1856 ”
197 1820 344 1879 sororium
366 1823 535 1880 subsecutus
555 1821 652 1880 fuerit.

235 1928 350 1982 Horum
367 1925 476 1996 socius,
498 1936 526 1980 et
541 1924 757 1984 contubernalis
777 1927 905 1982 lomnes
925 1924 1093 1982 Causinius
1116 1924 1197 1982 Cha·
1242 1903 1353 1955 Imm

195 2031 310 2086 ocensis
333 2029 479 2086 samuiaris
492 2047 592 2100 meus,
614 2023 767 2085 acutissimi
787 2027 900 2084 iuuenis
914 2028 1035 2103 ingmij,
1052 2029 1195 2097 Venetia,
1207 1970 1351 2089 gampam

196 2143 225 2188 et
248 2132 366 2206 Ριιιιιιιί]Ι
384 2131 468 2188 bonis
495 2131 619 2202 litteris,
650 2143 678 2188 et
698 2127 854 2206 disciplinis
881 2148 975 2205 operae
1004 2131 1155 2186 multum
1147 2151 1195 2186 ιιι-

195 2247 379 2310 sumpserat,
407 2235 526 2310 eratque
555 2247 583 2292 et
610 2233 641 2290 in
671 2233 893 2309 Philosophiois,
925 2246 954 2289 et
983 2234 1014 2289 in
1037 2235 1195 2290 Medicinae

195 2335 298 2394 studiis
320 2337 427 2412 optime
446 2338 596 2408 eruditus,
619 2335 669 2393 sed
692 2336 872 2393 iuuentutem
890 2356 1004 2396 omnem
1022 2355 1075 2410 per
1096 2355 1195 2393 omncs

195 2421 299 2514 inopiae
321 2437 502 2496 difficultates
523 2449 668 2510 traxerat,
702 2440 862 2518 amicorum
884 2451 997 2495 tantum
1025 2440 1194 2497 liberalitate

196 2554 390 2614 sustentatus,
423 2544 474 2617 qui
501 2555 601 2599 natum
621 2537 659 2625 ad
686 2543 798 2619 frugem
826 2544 964 2618 optimam
985 2545 1195 2601 adolescentem

195 2645 296 2702 fouere
331 2646 564 2721 peresuerabant.
607 2647 636 2702 ls
666 2658 855 2722 posteaquam
888 2649 1035 2703 Medicum
1063 2644 1195 2722 profiteri

194 2748 434 2824 caepit,mrrum
462 2761 527 2819 est,
556 2749 645 2824 quim
669 2749 753 2804 breui
787 2749 824 2804 ad
851 2768 968 2825 magnas
991 2767 1060 2824 opos
1086 2768 1194 2824 perue-

193 2853 277 2908 nerit.
300 2852 437 2908 Triennio
458 2853 549 2925 enim,
579 2854 638 2927 qub
661 2853 739 2927 apud
762 2853 899 2927 Bituriges
919 2853 956 2908 ab
976 2853 1059 2909 Italis
1081 2871 1193 2909 merca-

193 2955 307 3011 toribus
337 2957 520 3027 conductus,
553 2975 616 3011 eam
639 2967 729 3010 artem
754 2955 901 3025 exercuit,
931 2957 1088 3031 largissime
1110 2958 1192 3013 locu-

193 3059 321 3133 pletatus
349 3067 430 3130 erat,
453 3060 534 3133 qnod
556 3060 587 3114 in
613 3047 729 3119 Medico
750 3059 854 3115 iuuene
878 3059 1020 3116 rarissime
1042 3059 1191 3136 contingit.

194 3162 292 3236 Atque
311 3162 400 3219 itare
420 3162 494 3217 bene
514 3172 611 3238 gesta,
632 3163 701 3217 dum
719 3163 842 3216 Romam
862 3163 1078 3238 transmisgrare
1091 3175 1193 3238 parat,

192 3275 226 3320 ιιι
247 3265 276 3320 in
288 3265 341 3321 bac
358 3265 422 3321 luce
444 3265 594 3320 hominum
613 3266 740 3335 viueret,
764 3283 893 3339 quasque
909 3265 963 3321 sub
982 3266 1087 3322 incude
1105 3265 1194 3322 babe-

191 3365 260 3438 bat,
285 3355 382 3444 rerum
401 3369 576 3424 naturalium
594 3367 764 3443 quaestiones
786 3369 945 3442 expoliret,
967 3369 1143 3438 secundum,
1165 3380 1194 3426 et

194 3463 371 3546 trigesimum
398 3482 483 3528 natus
514 3489 622 3526 annum
651 3469 828 3527 atrocissima
853 3489 1007 3546 oppressus
1033 3471 1106 3528 febri
1133 3461 1193 3527 tam

192 3575 296 3648 procul
324 3573 432 3643 Italia,
464 3563 507 3629 ut·
523 3585 551 3629 et
575 3573 636 3648 ipse
653 3571 843 3630 ‘desideratus
870 3586 932 3645 est,
962 3575 1002 3630 ita
1029 3575 1193 3632 doctissima

193 3676 280 3732 etiam
300 3676 360 3732 eius
382 3676 488 3751 scripta
508 3675 651 3732 interiere.

230 3779 343 3834 Horum
360 3791 456 3834 autem
475 3791 657 3856 .,praeceptor
681 3791 709 3838 et
731 3799 811 3838 meus
831 3779 979 3856 inprimis
998 3781 1193 3859 Philosophiae

197 3881 345 3956 tyrociniis
366 3883 572 3940 Baunaaoruus
593 3885 759 3957 Cauusrns,
788 3888 816 3942 A
817 3885 971 3959 lbinganno
998 3885 1115 3962 patria,
1129 3881 1348 4004 ‚qffis‘mff‘

1221 3971 1275 4004 mus
1315 3973 1350 4004 Β·

192 3981 410 4059 Philosophiam
433 3985 557 4041 Veneriis
576 4005 674 4058 ,mox
693 3989 829 4060 Ραιαιιϋ,
858 3988 943 4044 nobis
963 3989 1192 4046 adolescentibus
1203 4038 1303 4072 mmm,

192 4077 313 4157 docuit,
334 4099 363 4142 et
377 4106 446 4159 sua,
468 4100 496 4144 et
511 4027 718 4164 discipulorum
737 4091 901 4148 celebritate
915 4093 1027 4162 clarus,
1044 4111 1104 4168 quo
1121 4113 1193 4169 pro-

186 4187 315 4260 fitente,
346 4181 517 4268 questiones
546 4209 594 4248 eas
624 4193 783 4269 asperiores
812 4197 924 4252 latinis
948 4195 1044 4253 verbis
1073 4196 1193 4253 tractari

1057 4307 1073 4367 li
