3186 5166
354 463 585 548 errnnsroauu
606 449 824 516 lurrarcrrarr.
864 457 927 515 Lib.
950 461 991 518 ΙΙ.
1127 451 1166 518 63

173 601 259 665 atque
281 599 470 664 contemptus.
497 589 544 644 Ad
566 589 625 643 baec
649 587 680 642 in
703 585 868 642 difficillima
891 590 992 643 Romoe
1014 597 1166 661 tempora,

166 668 370 768 'septinianam
402 683 528 760 senten,
562 701 590 745 u
626 685 868 762 depredationem
900 689 1019 759 incido,
1053 701 1081 744 et
1104 693 1167 762 qus

173 786 278 869 reliqui
307 813 405 850 omnes
428 797 534 850 ¹Romae
564 805 632 848 tnnc
662 792 820 848 miserrima
843 792 971 866 perpessi
995 803 1083 860 sunt,
1108 793 1169 866 ipse

175 891 293 972 quoque
317 898 333 952 a
356 895 513 952 faedissimis
534 893 695 951 latronibus
724 894 962 950 aerumnosissimo
986 914 1084 950 rerum
1109 913 1170 950 om·

175 1001 256 1056 nium
281 1019 397 1056 suarum
424 999 509 1054 exitio
535 997 663 1072 pertulit.
687 1000 762 1053 Nam
784 998 849 1053 ciam
872 996 1079 1066 intolerabilia,
1106 997 1169 1071 quae

177 1101 381 1177 flagitabantur
412 1101 544 1170 tributa,
579 1100 622 1154 vir
657 1101 771 1170 Codro,
806 1111 834 1155 et
865 1105 913 1156 Iro
939 1100 1095 1173 pauperior
1125 1119 1172 1155 so-

177 1205 285 1260 luendo
313 1223 373 1260 non
405 1216 501 1274 esset,
539 1221 634 1278 neque
665 1214 761 1258 tamen
791 1191 957 1278 captiuitate
987 1190 1171 1273 solueretur,

178 1325 228 1362 rus
254 1302 400 1380 Syllanam
426 1306 463 1361 ab
485 1305 615 1362 hostibus
642 1317 781 1374 tractus,
817 1305 891 1360 fame
920 1306 1171 1376 demum'victus',

174 1399 267 1464 'vitam
286 1409 315 1462 in
339 1409 519 1464 xenodcicbio
543 1409 670 1482 quodam
699 1426 765 1462 cum
791 1409 884 1462 morte
908 1407 1067 1464 miserrima
1091 1427 1171 1463 corn-

179 1511 311 1566 mutauit.
331 1511 388 1568 Sed
408 1512 481 1566 bene
499 1511 547 1566 illa
564 1512 600 1567 de
617 1523 700 1586 parte
721 1511 817 1566 euenit
832 1512 940 1577 Fabio,
961 1511 1041 1584 quod
1060 1498 1173 1567 labores

177 1599 243 1686 ”ejus
269 1613 381 1682 Miniu'j
411 1614 508 1682 Calui,
528 1605 611 1668 'cura
644 1613 847 1688 diligentiaque
881 1613 951 1669 editi
976 1614 1075 1687 paucis
1108 1591 1173 1669 ante

180 1715 309 1786 diebus,
342 1715 429 1788 quim
462 1716 556 1770 clades
589 1715 637 1770 illa
672 1715 702 1768 iu
731 1716 834 1770 urbem
864 1718 983 1771 Romam
1018 1715 1175 1772 debaccha-

181 1829 286 1888 retur,
323 1817 513 1873 immortalem
546 1815 655 1871 bomini
677 1814 809 1892 'gloriam
845 1815 993 1888 attulere,
1033 1819 1114 1892 quod
1144 1818 1175 1874 in

182 1921 433 1976 Turouoao'Gaza
453 1920 538 1995 longe
555 1920 702 1976 diuersum
722 1919 790 1989 fuit,
811 1921 862 1993 qui
882 1899 1030 1976 saturnina
1051 1923 1177 1994 quadam

181 2021 331 2096 iniquitate
351 2023 597 2077 bonamsuorum
617 2021 734 2076 fatuum
754 2034 867 2096 partem
886 2023 1054 2098 absumpsit.
1079 2027 1176 2081 Tantae

182 2123 259 2180 enim
279 2124 324 2179 ille
348 2102 518 2179 eruditionis
537 2123 596 2193 vir,
618 2135 731 2197 quantae
751 2124 847 2180 multis
859 2121 970 2180 'abhinc
991 2127 1073 2182 annis
1092 2145 1177 2182 nemo

178 2219 367 2296 Graecorum,
397 2226 492 2282 dicere
518 2223 609 2282 ausim
640 2225 725 2281 etiam
754 2237 782 2280 et
808 2228 976 2283 Latinorum
992 2227 1059 2284 'fuit
1071 2271 1081 2298 ,
1113 2230 1178 2285 oiim

183 2327 296 2384 diuinas
314 2329 526 2402 propemodum
543 2327 773 2384 elucubrationes
793 2329 824 2382 in
843 2331 1001 2410 Aristotelis
1020 2315 1177 2402 animalia,

180 2415 272 2504 *qnam
286 2429 434 2486 historiam
447 2429 551 2486 Latine
563 2431 714 2506 legendam
727 2439 958 2506 repraesentaret,
973 2436 1055 2489 Xirto
1071 2435 1178 2506 Quarto

180 2516 369 2590 τΡοητ.“Μα.τ.
391 2517 608 2606 nuncupasset,¹
623 2511 740 2607 sperans
761 2533 866 2588 scilicet
884 2535 1023 2610 Principis
1043 2536 1105 2609 ejus
1125 2525 1178 2593 bess

142 2639 148 2652 '
184 2633 334 2691 deficentia
354 2635 504 2710 quaesitum
523 2655 576 2710 per
596 2646 639 2691 tot
659 2635 772 2691 labores
793 2635 855 2692 vitae
873 2637 1031 2694 subsidium
1051 2659 1111 2694 non
1131 2627 1181 2695 del

184 2740 304 2814 paratim
322 2757 351 2794 se
371 2749 607 2809 consecuturum,
628 2757 722 2813 neque
743 2751 838 2795 tamen
854 2742 950 2814 plures
972 2743 1058 2816 quim
1077 2762 1180 2800 aureos

185 2841 394 2917 quinquaginta
417 2843 499 2920 quasi
519 2861 656 2918 maguum
673 2842 710 2897 ab
731 2860 789 2912 eo,
810 2843 827 2898 it
846 2863 905 2916 quo
928 2863 958 2900 se
981 2856 1074 2901 totum
1095 2841 1181 2903 inauss

179 2941 281 3001 ‘ratum
310 2945 346 3000 iri
374 2956 540 3020 sperauerat
556 2969 579 3015 ,·
593 2945 755 3016 retulisset,
786 2946 887 3002 studiis
913 2948 1077 3023 indignatus
1102 2949 1159 3004 suis
1171 2990 1181 3019 ,

182 3031 269 3122 'quod
290 3041 349 3116 tam
369 3065 457 3122 parca
478 3045 532 3101 sibi
552 3046 684 3102 laborum
707 3059 736 3102 et
758 3047 919 3123 vigiliarum
937 3068 1052 3106 suarum
1075 3066 1182 3106 merces
1217 3121 1220 3130 Ι

188 3151 297 3205 tributa
328 3161 420 3219 esset,
455 3127 588 3205 nummos
614 3167 665 3204 eos
692 3149 817 3224 primbm
839 3151 869 3206 in
892 3153 1026 3227 Tyberim
1053 3151 1181 3227 abjecit,

189 3269 257 3306 mox
275 3253 335 3324 ipse
355 3252 442 3324 hujus
462 3251 632 3326 indignitate
654 3253 699 3309 aei
717 3253 921 3324 exulceratus,
947 3255 1088 3312 insolabili
1113 3259 1183 3312 conss

189 3352 283 3408 tabuit
306 3341 483 3427 aegritudine.

237 3459 279 3512 De
300 3456 400 3510 dolore
420 3457 506 3529 periit
525 3469 554 3513 et
573 3459 698 3519 Jacoaus
719 3459 919 3515 Cousraurrus
939 3459 1119 3530 Phanensis,
1139 3461 1183 3518 vir
1227 3473 1334 3530 Iambus

190 3571 218 3614 et
239 3559 420 3627 litteratura,
442 3570 470 3614 et
494 3559 677 3636 integerrima
693 3560 844 3634 'probitate
863 3561 1001 3636 insignis,
1022 3562 1074 3636 qui
1092 3563 1185 3636 bonas
1212 3542 1337 3662 ἐξω·

190 3646 297 3718 litteras
323 3661 480 3717 diutissime
503 3663 660 3748 docuerat,
696 3683 819 3738 cumque
845 3666 960 3722 Pisauri
985 3665 1184 3722 honestissima
1261 3651 1266 3662 ¹

192 3765 356 3821 conditione
377 3762 582 3838 profiteretur,
603 3765 633 3821 in
656 3769 818 3823 Mediceum
843 3767 942 3824 incidit
966 3768 1086 3836 bellum,
1107 3769 1184 3824 veri-

190 3857 295 3941 tusque
319 3867 469 3936 Laurentt'j
484 3869 575 3922 Ducis
593 3868 769 3941 potentiam,
794 3889 880 3944 quem
902 3889 1000 3925 rerum
1017 3870 1185 3943 potiturum

184 3971 282 4025 ¹multi>
303 3980 368 4025 ante
389 3969 578 4043 prouiderat,
598 3971 690 4044 ¹rebus
712 3970 770 4026 sris
793 3971 979 4034 familiaribus
1000 3985 1131 4044 cauerat,
1152 3975 1186 4030 ut

189 4063 349 4128 lamibtum
369 4091 416 4128 eas
438 4071 551 4128 licentia
571 4073 745 4129 vendicaret.
767 4077 900 4150 Namque
921 4075 950 4130 in
975 4095 1069 4130 arcem
1093 4078 1184 4132 Mon-

193 4175 361 4248 dulplrorum
376 4175 592 4232 munitissimam
607 4187 775 4252 argentum,
796 4197 914 4250 aurum,
935 4189 1057 4251 vestem,
1069 4178 1185 4251 libros,
