3186 5166
401 443 444 508 ’Μ
657 447 780 504 loturus
800 445 898 520 Panatj
920 445 1102 516 tummim,
1123 465 1160 502 nu

406 577 481 652 ispse
500 575 585 632 nobis
604 592 733 647 unquam
749 571 924 646 persuadere
943 572 1060 646 poterit.
1076 575 1188 628 Maian.
1203 571 1298 628 Video
1319 571 1430 646 qutur

407 691 518 736 vastum
530 679 656 753 ,pelagus
676 675 833 750 ingressuri
853 692 969 743 sumus,
992 673 1015 729 si
1035 674 1117 730 vinos
1138 693 1286 732 recensere
1306 692 1409 750 aggre-

408 783 540 852 diamur,
561 781 642 854 quod
656 779 774 854 quidem
787 795 975 852 nequaquam
993 777 1052 833 sine
1066 796 1237 852 magnorum
1258 778 1409 833 hominum

407 885 516 941 inuidia
535 883 597 939 lieri
617 893 738 957 potest:
758 899 848 955 quare
869 880 1017 954 nauigium
1036 879 1133 953 potius
1154 880 1354 949 inhibeamus,
1379 891 1410 936 ot

368 965 370 971 Ι
408 989 446 1043 ad
464 1004 624 1044 sermonem
644 997 776 1040 nostrum
796 995 999 1052 reuertamur,
1025 984 1114 1058 idqu'e
1134 983 1258 1057 primum
1280 983 1409 1039 omnium

389 1103 485 1146 ‘nunc
505 1092 522 1145 a
542 1101 570 1145 te
590 1101 659 1163 pcto
679 1088 718 1142 rni
741 1088 857 1156 Colou',
886 1097 919 1140 ut
939 1104 997 1159 qua
1019 1085 1130 1140 ratione
1155 1087 1331 1142 Contarenns
1350 1098 1410 1141 tam

408 1211 583 1249 aerumnosos
603 1191 680 1248 viros
698 1190 793 1245 felices
808 1207 868 1244 esse
889 1187 1009 1257 dixerit,
1031 1205 1173 1262 exponas,
1195 1189 1276 1262 quod
1297 1189 1320 1246 si
1339 1189 1410 1245 mihi

409 1315 526 1372 quoque
552 1294 745 1370 persuaseris,
775 1293 841 1347 vide
870 1302 1012 1366 quantum
1038 1290 1222 1365 profecturus
1251 1292 1325 1362 sim,
1357 1293 1410 1366 qui

406 1398 639 1458 dulcissimorum
660 1399 786 1456 duorum
806 1397 929 1451 fratrum
949 1395 1131 1468 Hieronymi,
1153 1406 1182 1450 et
1204 1397 1279 1452 Celsi
1297 1395 1409 1452 obitum

408 1503 593 1558 immaturum
613 1499 762 1556 lamentari
782 1499 899 1554 tandem
919 1496 1057 1553 desinam.
1085 1497 1146 1554 Scis
1170 1498 1268 1568 enim,
1298 1510 1409 1572 quanto

409 1606 440 1659 in
467 1603 528 1660 dies
554 1603 644 1678 magis
670 1620 772 1660 eorum
796 1601 904 1658 afficiar
926 1602 1089 1670 desiderio,
1116 1619 1212 1684 neque
1239 1613 1297 1656 tam
1320 1603 1410 1677 longo

411 1705 548 1781 temporis
578 1705 730 1762 interuallo
757 1706 875 1779 jacturae
904 1704 991 1778 hujus
1019 1685 1167 1760 memoria*
1186 1703 1275 1760 deleri
1303 1715 1409 1779 potest.

407 1812 519 1882 ,Conana
559 1809 660 1865 Dicam
688 1809 728 1866 mi
753 1812 847 1866 Patre.
877 1807 1034 1862 Meministi
1062 1827 1125 1880 quae
1157 1809 1250 1863 Pollio
1280 1808 1411 1877 dixerat,

406 1912 481 1970 nihil
500 1931 530 1968 sc
550 1923 653 1986 putare
672 1911 835 1981 infelicius,
865 1929 950 1984 quam
972 1911 1044 1966 scire
1064 1909 1182 1966 litteras.
1214 1911 1344 1966 Eandem
1364 1911 1411 1966 ille

411 2015 580 2070 sententiam
607 2013 679 2087 saepi
707 2013 901 2087 repetiuerat,
931 2025 964 2068 ut
982 2013 1043 2085 jam
1063 2031 1122 2068 non
1146 2013 1215 2085 joco
1235 2014 1294 2068 haec
1324 2013 1411 2069 dicti-

408 2128 491 2188 ¹tare,
512 2117 562 2173 sed
583 2117 622 2172 ita
641 2133 761 2191 prorsus
782 2115 886 2170 sentire
907 2115 1068 2170 videretur.
1094 2118 1162 2171 Non
1182 2135 1282 2189 passus
1306 2117 1414 2173 Conta-

412 2239 496 2276 renus
516 2231 596 2276 tanta
608 2217 754 2294 probitate
766 2217 880 2288 virum,
903 2229 1018 2292 tamque
1036 2218 1158 2273 amicum
1177 2219 1206 2273 iu
1227 2237 1325 2275 erroro
1344 2237 1413 2274 ver-

411 2323 479 2386 sari.
497 2325 566 2379 Non
586 2323 683 2392 recti,
705 2321 820 2406 inquit,
840 2333 872 2376 ut
891 2320 959 2376 mihi
980 2321 1113 2391 videtur,
1131 2321 1191 2378 haec
1210 2321 1413 2396 interpretaris

414 2426 528 2496 Pollio,
562 2426 612 2501 qui
634 2444 738 2482 reuera
764 2437 848 2499 putes
877 2424 1018 2480 litteratos
1041 2425 1173 2481 homines
1199 2443 1232 2481 ea
1262 2425 1298 2482 de
1326 2441 1413 2482 causa

413 2527 593 2584 calamitosos
616 2547 699 2598 esse,
730 2528 834 2602 quod,
865 2527 909 2583 uti
932 2527 1019 2584 hodie
1045 2527 1161 2602 patuit,
1187 2539 1247 2584 tam
1270 2529 1353 2584 multi
1383 2528 1414 2584 in

413 2631 568 2700 arumnis,
594 2641 622 2685 et
642 2629 830 2686 incommodis
853 2629 941 2684 vitam
961 2630 1072 2704 egerint
1094 2631 1252 2686 insuauem.
1281 2631 1328 2687 Ad
1353 2631 1414 2686 haec

415 2731 539 2806 subjecit
556 2736 674 2788 Poumo.
700 2736 833 2805 Quanam
845 2732 932 2807 igitur
952 2733 988 2788 de
1006 2752 1091 2789 causa
1105 2752 1296 2790 arumnosum
1316 2753 1416 2808 quern·

414 2835 492 2910 piam
510 2834 747 2904 existimabimus,
768 2835 791 2890 si
802 2835 976 2890 calamitates
984 2835 1129 2891 homiuem
1142 2855 1201 2891 non
1213 2837 1416 2893 infortunant?

416 2940 507 2993 Cous.
530 2937 621 3012 Atqui
641 2957 804 2994 asseuerare
831 2938 944 3008 ausim,
977 2957 1072 3012 neque
1097 2940 1271 2995 calamitates
1297 2941 1416 3014 quidem

415 3040 492 3114 ipsas
512 3039 560 3112 jus
582 3041 672 3096 ullum
696 3041 725 3096 in
751 3041 890 3096 litteratos
914 3041 968 3096 sibi
990 3041 1151 3098 vendicare.
1174 3046 1261 3098 Pom.
1282 3044 1417 3100 litterati

416 3154 530 3214 tamen,
553 3143 674 3199 maxime
696 3143 824 3198 omnium
847 3143 889 3198 uti
910 3142 1016 3217 passim
1035 3144 1165 3200 videmus
1186 3145 1318 3218 queruli,
1340 3145 1415 3201 vices

417 3245 478 3301 serd
508 3265 607 3302 ornnes
631 3247 782 3320 deplorant
812 3263 900 3315 suas,
930 3265 990 3300 non
1017 3246 1073 3301 hoo
1101 3247 1201 3319 utique
1232 3247 1359 3318 facturi,
1393 3249 1417 3317 si

416 3349 495 3403 nulla
517 3347 628 3423 possint
652 3349 757 3422 injuria
782 3349 968 3417 labefactari,
995 3361 1045 3404 aut
1072 3350 1153 3424 quod
1174 3351 1297 3407 maxime
1321 3351 1419 3428 indig-

418 3470 487 3506 num
517 3463 559 3507 est
584 3451 688 3522 dictu,
720 3452 860 3508 litteratos
890 3463 923 3507 ut
949 3451 1073 3524 injustos
1104 3471 1241 3528 cogemur
1271 3473 1414 3510 accusare.

418 3555 509 3610 Corsa.
533 3556 636 3628 Neque
663 3554 780 3628 quidem
801 3555 886 3610 velim
909 3554 982 3609 hanc
1007 3553 1042 3626 ijs
1062 3566 1161 3609 notam
1186 3555 1294 3612 inuras.
1319 3557 1419 3630 Injus·

418 3657 480 3712 titia
505 3657 580 3712 enim
604 3656 802 3732 imperitorum
819 3657 938 3732 propria
962 3667 1014 3715 est.
1040 3660 1159 3712 Pouuo.
1187 3659 1290 3728 Quid?
1310 3663 1419 3717 Omnes

419 3759 506 3834 igitur
531 3760 710 3835 decipimur,
737 3760 788 3834 qui
811 3762 892 3834 quod
918 3760 1070 3835 opinamur
1092 3779 1152 3817 esse
1176 3764 1303 3833 malum,
1328 3762 1421 3817 liben-

420 3861 527 3918 tissime
549 3863 745 3934 declinamus,
763 3864 844 3937 quod
864 3865 994 3940 bonum,
1012 3874 1039 3918 et
1059 3864 1244 3919 commodum
1264 3865 1420 3920 studiosius

421 3965 598 4038 appetimus?
618 3969 710 4022 Cour.
730 3971 773 4023 De
794 3967 897 4037 bonis,
920 3979 947 4022 et
970 3967 1050 4022 malis
1073 3966 1128 4022 alia
1150 3979 1192 4023 est
1215 3967 1419 4023 consideratio.

421 4067 478 4124 sed
505 4074 612 4123 utrum'
632 4088 695 4142 quae
725 4088 865 4126 consensu
897 4070 1025 4125 omnium
1055 4070 1129 4124 mala
1155 4070 1315 4139 dicuntur,
1347 4070 1422 4124 tanti

423 4189 482 4227 esse
504 4171 635 4244 possint,
656 4185 689 4226 ut
709 4172 864 4229 litteratum
886 4174 1051 4248 quempiam
1073 4173 1114 4228 ita
1134 4184 1284 4242 euertunt,
1306 4191 1341 4226 ne
1361 4173 1421 4226 ulla
