3202 5168
390 389 623 446 erraasrbrux
645 389 862 444 lsrrucrrsru.
906 385 969 442 Lib.
992 388 1015 442 1.
1165 384 1202 444 21

136 547 138 554 v
186 519 288 577 *sarm
304 521 485 598 excrementa
497 516 553 573 cibi
566 515 689 591 dejecit,
712 515 836 572 animam
856 515 940 570 etiam
958 526 1052 572 morte
1066 513 1204 574 subitaria

205 622 357 680 exhalauit.
374 623 435 679 Nos
449 620 500 696 qui
513 620 642 695 quotidie
653 621 690 677 ad
700 620 897 677 admirandam
909 618 1033 675 bominis
1043 618 1205 676 doctrinam

117 799 119 810 ,
206 729 261 784 snb
279 726 452 782 matutinum
471 725 672 800 crepusculum
694 724 956 792 conueniebamus,
979 740 1039 778 non
1059 723 1139 797 prius
1154 722 1204 779 tali

206 848 260 887 nos
277 829 398 886 doctore
418 828 604 886 defraudatos
621 827 826 898 intelleximus,
848 828 935 900 quam
953 827 1026 884 hora
1048 825 1204 905 profitendi

203 933 310 990 frustra
323 934 419 1006 elapsa
429 943 540 1002 certos,
552 931 604 1006 qui
616 950 703 986 meru
717 947 831 987 eausam
845 929 1071 999 sciscitarentur,
1085 930 1205 986 domum

204 1035 266 1110 ejus
282 1035 494 1112 delegauimus,
515 1035 566 1110 qui
583 1035 735 1112 redeuntes
753 1033 932 1110 gymnasium
951 1045 1082 1089 nostrum
1099 1044 1224 1108 praeterr

204 1139 333 1196 omnium
353 1151 453 1214 spem,
474 1139 542 1213 quia
563 1140 676 1196 nullum
698 1139 771 1194 male
791 1137 962 1194 valetudinis
988 1137 1203 1193 incommodum

203 1252 403 1318 praecesserat,
421 1259 491 1300 voce
508 1239 556 1298 illa
578 1241 689 1299 erudita
711 1241 883 1317 spoliatum,
901 1251 988 1314 atque
1004 1240 1140 1296 orbatum
1153 1257 1203 1297 re-

204 1341 422 1402 nunciaverunt.
448 1347 542 1402 Erunt
564 1346 614 1420 qui
632 1364 721 1422 genus
744 1345 800 1400 hoc
823 1343 924 1420 mortis
943 1343 1019 1401 inter
1038 1343 1204 1402 mortalium

203 1448 351 1528 felicitates
359 1450 587 1520 enumerabant,
600 1450 707 1524 qnippe
718 1451 798 1506 nullo
810 1450 910 1506 dolore
925 1448 1048 1522 praeuio,
1065 1447 1202 1522 nulloque

203 1552 305 1608 mortis
319 1564 397 1608 metu
408 1553 504 1618 statim
515 1553 678 1609 exanimari.
690 1555 752 1610 Nos
762 1563 858 1608 tamen
872 1569 907 1607 ex
915 1551 1080 1608 Christiana
1087 1551 1202 1626 pietatis

204 1655 341 1711 institutis
354 1655 545 1712 miserrimum
563 1656 619 1711 hoc
642 1655 856 1726 existimamus,
879 1673 913 1710 ex
926 1653 1114 1729 Philosophiae
1132 1653 1202 1708 verb

204 1759 373 1833 praeceptis,
391 1777 486 1833 neque
496 1759 613 1834 quidem
626 1759 895 1828 calamitatesalias,
912 1779 974 1834 quae
991 1758 1125 1828 alterius,
1142 1773 1203 1813 non

205 1861 297 1917 nostri
308 1862 381 1936 juris
392 1873 475 1933 sunt,
488 1863 564 1919 mala
576 1863 723 1934 existim03
739 1863 789 1918 sed
800 1863 853 1918 erlt
864 1881 951 1936 super
963 1862 1019 1918 hoc
1032 1863 1100 1918 alias
1111 1861 1202 1918 disse-

204 1965 388 2032 rendilocus.

243 2071 283 2123 At
300 2068 387 2124 fuerit
409 2069 476 2125 felix
492 2071 596 2140 Valla,
620 2068 689 2144 quia
710 2069 838 2126 cruciatu
851 2069 954 2138 nullo,
977 2069 1140 2142 nulliusque
1163 2069 1205 2126 rei

204 2172 306 2229 anxius
326 2171 413 2228 evita
432 2172 585 2249 migrauit,
609 2173 693 2230 nobis
707 2173 783 2229 certe
802 2172 864 2246 ejus
881 2172 1026 2247 discipulis
1040 2171 1204 2229 calamitosa

203 2275 259 2330 fuit
267 2275 390 2331 hominis
399 2293 490 2344 mors,
503 2275 607 2349 quibus
618 2275 786 2332 eruditionis
800 2295 856 2332 suae
871 2287 928 2331 tam
940 2275 1020 2331 triste
1033 2275 1206 2338 desiderium

206 2377 331 2450 reliquit.
353 2357 499 2436 Sedenim
513 2380 573 2452 qub
586 2378 680 2434 minus
693 2378 935 2435 incommoditatis
953 2381 1039 2434 Vallo
1053 2395 1206 2454 perpessus

206 2490 264 2550 est,
277 2481 311 2534 eb
325 2482 389 2555 plus
400 2481 566 2555 infortunij,
582 2492 610 2537 et
625 2497 816 2537 aerumnarum
828 2481 945 2556 pertulit
959 2484 1149 2552 Ssaunmcus,
1162 2482 1207 2537 vir
1234 2501 1275 2554 M,
1283 2503 1362 2554 Amo.

205 2581 252 2637 ille
270 2582 442 2657 scriptorum
462 2584 559 2658 copia,
581 2596 610 2641 et
626 2584 766 2660 elegantia
783 2585 874 2640 multi)
894 2585 1015 2656 clarior,
1036 2605 1123 2660 quam
1143 2603 1206 2642 mea
1218 2574 1362 2688 Sabenlb'sao.

205 2685 264 2740 ulla
282 2685 373 2760 possit
391 2686 637 2743 commendatione
657 2705 802 2758 crescere,
820 2688 1010 2744 miserabilem
1033 2689 1097 2744 vite
1121 2688 1207 2744 finem

205 2804 271 2842 eum
301 2787 418 2844 sortitus
444 2800 507 2859 est,
539 2791 619 2863 quod
639 2791 781 2866 putrida,
810 2791 1028 2866 pernicioseque
1057 2803 1207 2867 correptus

205 2890 391 2964 elephantiasi
408 2910 462 2966 per
478 2912 569 2950 annos
584 2894 695 2968 aliquot
715 2894 913 2950 miserabiliter
932 2895 1094 2966 eruciatus,
1115 2897 1207 2952 inter-

207 2994 284 3048 clusa
301 2993 379 3049 vocis
396 2993 459 3064 via,
478 2996 642 3071 caeterisque
657 3009 715 3054 tam
733 2997 868 3073 spiritus,
889 2997 976 3072 quarn
996 2998 1051 3054 eibi
1066 2999 1207 3055 meatibus

206 3097 519 3169 computrescentibus,
540 3099 721 3174 gutturisque
744 3100 888 3174 corruptis
912 3101 1045 3157 omnibus
1070 3103 1204 3177 organis,

206 3195 343 3271 venisque
355 3200 499 3270 corrosis,
517 3220 578 3256 non
590 3202 650 3257 sine
666 3201 816 3257 cruciabili
828 3203 974 3259 tormento
988 3223 1079 3260 annos
1096 3206 1205 3278 aliquot

205 3300 329 3375 peregit,
347 3319 438 3376 eaque
452 3302 517 3358 tabe
532 3304 646 3358 demum
658 3303 804 3362 conlectus
817 3304 935 3378 interijt.
1082 3297 1084 3300 ¹

232 3405 372 3458 ‘loturus
386 3415 481 3461 autem
497 3407 701 3462 Cssrnuuurus
721 3407 869 3462 rarissimae
889 3407 932 3462 vir
946 3408 1133 3480 eruditionis,
1154 3411 1204 3484 qui
1233 3413 1350 3464 Joaiines'

206 3505 338 3576 Patauij,
360 3525 406 3561 me
430 3523 540 3580 puero,
571 3508 663 3564 bonas
689 3508 798 3565 litteras
820 3511 1013 3584 perquamdiu
1043 3480 1346 3598 docuerauffllflw‘

206 3607 286 3661 nullo
305 3626 433 3681 unquam
453 3620 581 3685 tempore
595 3629 654 3665 non
672 3612 817 3686 expositus
835 3611 1000 3668 inuidorum
1016 3615 1204 3671 obtrectatio-

206 3709 308 3780 nibus,
331 3720 360 3766 at
380 3710 514 3784 injurijs,
535 3713 605 3768 dum
625 3713 721 3769 omnia
739 3714 853 3770 fortiter
873 3715 967 3774 ferens
985 3715 1126 3786 aduersa,
1151 3715 1202 3772 uni

206 3795 303 3868 studet
323 3812 548 3884 immortalitati,
577 3817 727 3890 repentina
753 3817 878 3892 paralysi
899 3832 1070 3890 percussus,
1097 3820 1201 3876 amisso

204 3913 330 3987 primiun
351 3916 428 3972 vocis
448 3916 605 3988 beneficio,
635 3911 698 3993 quae
720 3920 925 3976 lucubrauerat
945 3923 1083 3996 opuscula
1103 3919 1200 3998 plera-

205 4034 262 4088 que
290 4017 417 4074 indicare
447 4039 508 4077 non
535 4022 660 4096 potuit,
692 4041 785 4097 eoque
814 4024 999 4081 incommodo
1031 4027 1201 4102 absumptos

204 4117 404 4192 ignauissimos
422 4122 503 4182 fucos
524 4125 676 4182 elaboratis
699 4125 716 4181 a
737 4143 766 4182 se
791 4126 927 4201 operibus
948 4127 1120 4186 nobilitauit.
