<?xml version="1.0" encoding="UTF-8"?>
<!DOCTYPE html PUBLIC "-//W3C//DTD XHTML 1.0 Transitional//EN"
    "http://www.w3.org/TR/xhtml1/DTD/xhtml1-transitional.dtd">
<html xmlns="http://www.w3.org/1999/xhtml" xml:lang="en" lang="en">
 <head>
  <title>
</title>
<meta http-equiv="Content-Type" content="text/html;charset=utf-8" />
  <meta name='ocr-system' content='tesseract 3.04.00' />
  <meta name='ocr-capabilities' content='ocr_page ocr_carea ocr_par ocr_line ocrx_word'/>
</head>
<body>
  <div class='ocr_page' id='page_1' title='image "./joannispieriiva01valegoog_0095.png"; bbox 0 0 3186 5166; ppageno 0'>
   <div class='ocr_carea' id='block_1_1' title="bbox 426 411 1278 493">
    <p class='ocr_par' dir='ltr' id='par_1_1' title="bbox 426 411 1278 493">
     <span class='ocr_line' id='line_1_1' title="bbox 426 411 1278 493; baseline -0.005 -15"><span class='ocrx_word' id='word_1_1' title='bbox 426 411 466 478; x_wconf 82' lang='lat'>66</span> <span class='ocrx_word' id='word_1_2' title='bbox 673 419 796 476; x_wconf 78' lang='lat' dir='ltr'>loturus</span> <span class='ocrx_word' id='word_1_3' title='bbox 815 419 913 493; x_wconf 80' lang='lat' dir='ltr'>Prssrj</span> <span class='ocrx_word' id='word_1_4' title='bbox 934 421 1118 490; x_wconf 75' lang='lat' dir='ltr'>vacuarunt,</span> <span class='ocrx_word' id='word_1_5' title='bbox 1138 438 1177 477; x_wconf 81' lang='lat' dir='ltr'>ns</span> <span class='ocrx_word' id='word_1_6' title='bbox 1239 423 1242 428; x_wconf 83' lang='lat'>&#39;</span> <span class='ocrx_word' id='word_1_7' title='bbox 1268 459 1278 474; x_wconf 89' lang='lat'><strong>.</strong></span> 
     </span>
    </p>
   </div>
   <div class='ocr_carea' id='block_1_2' title="bbox 290 546 1428 1016">
    <p class='ocr_par' dir='ltr' id='par_1_2' title="bbox 290 546 1428 1016">
     <span class='ocr_line' id='line_1_2' title="bbox 423 546 1426 619; baseline 0 -13"><span class='ocrx_word' id='word_1_8' title='bbox 423 557 572 606; x_wconf 87' lang='lat' dir='ltr'>tractatus.</span> <span class='ocrx_word' id='word_1_9' title='bbox 590 546 646 605; x_wconf 92' lang='lat' dir='ltr'>Sed</span> <span class='ocrx_word' id='word_1_10' title='bbox 667 546 744 603; x_wconf 90' lang='lat' dir='ltr'>enim</span> <span class='ocrx_word' id='word_1_11' title='bbox 761 546 809 602; x_wconf 81' lang='lat' dir='ltr'>rix</span> <span class='ocrx_word' id='word_1_12' title='bbox 828 546 859 604; x_wconf 90' lang='lat' dir='ltr'>iu</span> <span class='ocrx_word' id='word_1_13' title='bbox 878 547 1061 604; x_wconf 83' lang='lat' dir='ltr'>Taruisiuum</span> <span class='ocrx_word' id='word_1_14' title='bbox 1081 547 1173 604; x_wconf 89' lang='lat' dir='ltr'>otium</span> <span class='ocrx_word' id='word_1_15' title='bbox 1191 564 1221 604; x_wconf 90' lang='lat' dir='ltr'>se</span> <span class='ocrx_word' id='word_1_16' title='bbox 1241 549 1426 619; x_wconf 74' lang='lat' dir='ltr'>contulerat,</span> 
     </span>
     <span class='ocr_line' id='line_1_3' title="bbox 424 647 1427 724; baseline -0.001 -16"><span class='ocrx_word' id='word_1_17' title='bbox 424 651 490 708; x_wconf 75' lang='lat' dir='ltr'>oiim</span> <span class='ocrx_word' id='word_1_18' title='bbox 517 649 716 708; x_wconf 88' lang='lat' dir='ltr'>molestissima</span> <span class='ocrx_word' id='word_1_19' title='bbox 744 649 826 722; x_wconf 84' lang='lat' dir='ltr'>caepit</span> <span class='ocrx_word' id='word_1_20' title='bbox 854 647 1011 724; x_wconf 85' lang='lat' dir='ltr'>hydropesi</span> <span class='ocrx_word' id='word_1_21' title='bbox 1044 649 1196 720; x_wconf 89' lang='lat' dir='ltr'>laborare,</span> <span class='ocrx_word' id='word_1_22' title='bbox 1228 667 1289 724; x_wconf 90' lang='lat' dir='ltr'>quo</span> <span class='ocrx_word' id='word_1_23' title='bbox 1317 652 1427 722; x_wconf 86' lang='lat' dir='ltr'>morbo</span> 
     </span>
     <span class='ocr_line' id='line_1_4' title="bbox 423 749 1425 827; baseline -0.002 -17"><span class='ocrx_word' id='word_1_24' title='bbox 423 771 535 810; x_wconf 89' lang='lat' dir='ltr'>menses</span> <span class='ocrx_word' id='word_1_25' title='bbox 554 752 664 827; x_wconf 75' lang='lat' dir='ltr'><strong>aliquot</strong></span> <span class='ocrx_word' id='word_1_26' title='bbox 684 749 863 810; x_wconf 87' lang='lat' dir='ltr'>conflictatus</span> <span class='ocrx_word' id='word_1_27' title='bbox 884 751 964 808; x_wconf 89' lang='lat' dir='ltr'>nullo</span> <span class='ocrx_word' id='word_1_28' title='bbox 984 751 1044 824; x_wconf 86' lang='lat' dir='ltr'>jam</span> <span class='ocrx_word' id='word_1_29' title='bbox 1067 752 1118 826; x_wconf 84' lang='lat' dir='ltr'>otij</span> <span class='ocrx_word' id='word_1_30' title='bbox 1143 753 1189 808; x_wconf 83' lang='lat' dir='ltr'>sui</span> <span class='ocrx_word' id='word_1_31' title='bbox 1210 752 1425 809; x_wconf 88' lang='lat' dir='ltr'>oblectamento</span> 
     </span>
     <span class='ocr_line' id='line_1_5' title="bbox 423 852 1298 932; baseline -0.005 -20"><span class='ocrx_word' id='word_1_32' title='bbox 423 867 582 932; x_wconf 88' lang='lat' dir='ltr'>percepto,</span> <span class='ocrx_word' id='word_1_33' title='bbox 601 873 734 930; x_wconf 79' lang='lat' dir='ltr'>magnam</span> <span class='ocrx_word' id='word_1_34' title='bbox 753 873 807 928; x_wconf 92' lang='lat' dir='ltr'>per</span> <span class='ocrx_word' id='word_1_35' title='bbox 825 855 1025 930; x_wconf 73' lang='lat' dir='ltr'><strong>aegritudinem</strong></span> <span class='ocrx_word' id='word_1_36' title='bbox 1044 854 1133 911; x_wconf 81' lang='lat' dir='ltr'>vitam</span> <span class='ocrx_word' id='word_1_37' title='bbox 1152 852 1255 911; x_wconf 83' lang='lat' dir='ltr'>finiuit.</span> <span class='ocrx_word' id='word_1_38' title='bbox 1295 903 1298 908; x_wconf 92' lang='lat'>.</span> 
     </span>
     <span class='ocr_line' id='line_1_6' title="bbox 290 949 1428 1016; baseline 0 -1"><span class='ocrx_word' id='word_1_39' title='bbox 290 949 412 1006; x_wconf 75' lang='lat' dir='ltr'>Nicotaus</span> <span class='ocrx_word' id='word_1_40' title='bbox 461 959 620 1015; x_wconf 76' lang='lat' dir='ltr'>Nsconiun</span> <span class='ocrx_word' id='word_1_41' title='bbox 640 969 736 1014; x_wconf 90' lang='lat' dir='ltr'>autem</span> <span class='ocrx_word' id='word_1_42' title='bbox 750 961 887 1014; x_wconf 81' lang='lat' dir='ltr'>Junecuu</span> <span class='ocrx_word' id='word_1_43' title='bbox 908 958 996 1014; x_wconf 85' lang='lat' dir='ltr'>domo</span> <span class='ocrx_word' id='word_1_44' title='bbox 1016 961 1154 1012; x_wconf 82' lang='lat' dir='ltr'>Venatum</span> <span class='ocrx_word' id='word_1_45' title='bbox 1173 968 1288 1013; x_wconf 84' lang='lat' dir='ltr'>nostras</span> <span class='ocrx_word' id='word_1_46' title='bbox 1305 957 1428 1016; x_wconf 75' lang='lat' dir='ltr'>delicias</span> 
     </span>
    </p>
   </div>
   <div class='ocr_carea' id='block_1_3' title="bbox 266 1019 1424 1134">
    <p class='ocr_par' dir='ltr' id='par_1_3' title="bbox 266 1019 1424 1134">
     <span class='ocr_line' id='line_1_7' title="bbox 266 1019 1402 1076; baseline 0.002 -5"><span class='ocrx_word' id='word_1_47' title='bbox 266 1019 378 1072; x_wconf 83' lang='lat' dir='ltr'>Judecus.</span> <span class='ocrx_word' id='word_1_48' title='bbox 868 1059 874 1072; x_wconf 94' lang='lat'><em>.</em></span> <span class='ocrx_word' id='word_1_49' title='bbox 964 1059 983 1076; x_wconf 73' lang='grc'>.,</span> <span class='ocrx_word' id='word_1_50' title='bbox 1107 1059 1113 1074; x_wconf 77' lang='grc'><strong>.</strong></span> <span class='ocrx_word' id='word_1_51' title='bbox 1258 1059 1265 1072; x_wconf 91' lang='grc'><strong>.</strong></span> <span class='ocrx_word' id='word_1_52' title='bbox 1395 1060 1402 1073; x_wconf 94' lang='grc'><strong>.</strong></span> 
     </span>
     <span class='ocr_line' id='line_1_8' title="bbox 422 1061 1424 1134; baseline -0.002 -18"><span class='ocrx_word' id='word_1_53' title='bbox 422 1061 516 1116; x_wconf 87' lang='lat' dir='ltr'>lloma</span> <span class='ocrx_word' id='word_1_54' title='bbox 541 1077 594 1134; x_wconf 89' lang='lat' dir='ltr'>per</span> <span class='ocrx_word' id='word_1_55' title='bbox 620 1069 664 1115; x_wconf 93' lang='lat' dir='ltr'>tot</span> <span class='ocrx_word' id='word_1_56' title='bbox 685 1078 776 1115; x_wconf 88' lang='lat' dir='ltr'>annos</span> <span class='ocrx_word' id='word_1_57' title='bbox 801 1061 889 1116; x_wconf 80' lang='lat' dir='ltr'>coluit</span> <span class='ocrx_word' id='word_1_58' title='bbox 909 1071 1031 1134; x_wconf 81' lang='lat' dir='ltr'>potrus,</span> <span class='ocrx_word' id='word_1_59' title='bbox 1062 1076 1149 1133; x_wconf 89' lang='lat' dir='ltr'>quam</span> <span class='ocrx_word' id='word_1_60' title='bbox 1172 1071 1289 1115; x_wconf 75' lang='lat' dir='ltr'>amauit.</span> <span class='ocrx_word' id='word_1_61' title='bbox 1316 1062 1424 1116; x_wconf 80' lang='lat' dir='ltr'>Memi-</span> 
     </span>
    </p>
   </div>
   <div class='ocr_carea' id='block_1_4' title="bbox 422 1160 1424 1236">
    <p class='ocr_par' dir='ltr' id='par_1_4' title="bbox 422 1160 1424 1236">
     <span class='ocr_line' id='line_1_9' title="bbox 422 1160 1424 1236; baseline -0.002 -16"><span class='ocrx_word' id='word_1_62' title='bbox 422 1160 503 1220; x_wconf 86' lang='lat' dir='ltr'>nistis</span> <span class='ocrx_word' id='word_1_63' title='bbox 519 1161 596 1218; x_wconf 89' lang='lat' dir='ltr'>euim</span> <span class='ocrx_word' id='word_1_64' title='bbox 617 1174 726 1236; x_wconf 89' lang='lat' dir='ltr'>quauta</span> <span class='ocrx_word' id='word_1_65' title='bbox 744 1161 776 1217; x_wconf 91' lang='lat' dir='ltr'>in</span> <span class='ocrx_word' id='word_1_66' title='bbox 793 1161 909 1218; x_wconf 92' lang='lat' dir='ltr'>homine</span> <span class='ocrx_word' id='word_1_67' title='bbox 928 1161 1088 1230; x_wconf 73' lang='lat' dir='ltr'>semimitas,</span> <span class='ocrx_word' id='word_1_68' title='bbox 1108 1161 1218 1234; x_wconf 87' lang='lat' dir='ltr'>quanta</span> <span class='ocrx_word' id='word_1_69' title='bbox 1239 1162 1424 1233; x_wconf 87' lang='lat' dir='ltr'>humanitas,</span> 
     </span>
    </p>
   </div>
   <div class='ocr_carea' id='block_1_5' title="bbox 249 1261 1424 4198">
    <p class='ocr_par' dir='ltr' id='par_1_5' title="bbox 409 1261 1424 2255">
     <span class='ocr_line' id='line_1_10' title="bbox 422 1261 1424 1340; baseline -0.001 -19"><span class='ocrx_word' id='word_1_70' title='bbox 422 1276 532 1340; x_wconf 79' lang='lat' dir='ltr'>quanta</span> <span class='ocrx_word' id='word_1_71' title='bbox 554 1263 698 1334; x_wconf 88' lang='lat' dir='ltr'>eruditio,</span> <span class='ocrx_word' id='word_1_72' title='bbox 720 1263 800 1338; x_wconf 92' lang='lat' dir='ltr'>quod</span> <span class='ocrx_word' id='word_1_73' title='bbox 823 1282 921 1320; x_wconf 87' lang='lat' dir='ltr'>rerum</span> <span class='ocrx_word' id='word_1_74' title='bbox 938 1262 1066 1319; x_wconf 89' lang='lat' dir='ltr'>omnium</span> <span class='ocrx_word' id='word_1_75' title='bbox 1086 1261 1228 1335; x_wconf 88' lang='lat' dir='ltr'>judicium</span> <span class='ocrx_word' id='word_1_76' title='bbox 1246 1265 1424 1338; x_wconf 85' lang='lat' dir='ltr'>appareret,</span> 
     </span>
     <span class='ocr_line' id='line_1_11' title="bbox 422 1365 1423 1455; baseline -0.003 -31"><span class='ocrx_word' id='word_1_77' title='bbox 422 1369 562 1442; x_wconf 89' lang='lat' dir='ltr'>quicum</span> <span class='ocrx_word' id='word_1_78' title='bbox 589 1368 721 1424; x_wconf 81' lang='lat' dir='ltr'>Medicus</span> <span class='ocrx_word' id='word_1_79' title='bbox 745 1376 818 1422; x_wconf 88' lang='lat' dir='ltr'>essct</span> <span class='ocrx_word' id='word_1_80' title='bbox 846 1365 1075 1436; x_wconf 84' lang='lat' dir='ltr'>eruditissimus,</span> <span class='ocrx_word' id='word_1_81' title='bbox 1102 1365 1423 1455; x_wconf 57' lang='lat' dir='ltr'>prudentissimusque,</span> 
     </span>
     <span class='ocr_line' id='line_1_12' title="bbox 409 1466 1423 1543; baseline 0 -19"><span class='ocrx_word' id='word_1_82' title='bbox 409 1469 637 1542; x_wconf 73' lang='lat' dir='ltr'>disciplinarum</span> <span class='ocrx_word' id='word_1_83' title='bbox 663 1479 758 1524; x_wconf 89' lang='lat' dir='ltr'>tamen</span> <span class='ocrx_word' id='word_1_84' title='bbox 781 1467 902 1523; x_wconf 88' lang='lat' dir='ltr'>aliarum</span> <span class='ocrx_word' id='word_1_85' title='bbox 924 1467 1058 1536; x_wconf 85' lang='lat' dir='ltr'>notitiam</span> <span class='ocrx_word' id='word_1_86' title='bbox 1083 1466 1323 1524; x_wconf 81' lang='lat' dir='ltr'>absolutissimam</span> <span class='ocrx_word' id='word_1_87' title='bbox 1344 1486 1423 1543; x_wconf 80' lang='lat' dir='ltr'>prae-</span> 
     </span>
     <span class='ocr_line' id='line_1_13' title="bbox 422 1568 1420 1645; baseline -0.001 -17"><span class='ocrx_word' id='word_1_88' title='bbox 422 1589 451 1630; x_wconf 87' lang='lat' dir='ltr'>se</span> <span class='ocrx_word' id='word_1_89' title='bbox 465 1570 585 1626; x_wconf 78' lang='lat' dir='ltr'>terebat.</span> <span class='ocrx_word' id='word_1_90' title='bbox 598 1569 652 1625; x_wconf 90' lang='lat' dir='ltr'>Hic</span> <span class='ocrx_word' id='word_1_91' title='bbox 672 1580 739 1643; x_wconf 90' lang='lat' dir='ltr'>post</span> <span class='ocrx_word' id='word_1_92' title='bbox 759 1581 874 1644; x_wconf 87' lang='lat' dir='ltr'>partum</span> <span class='ocrx_word' id='word_1_93' title='bbox 895 1587 948 1645; x_wconf 89' lang='lat' dir='ltr'>per</span> <span class='ocrx_word' id='word_1_94' title='bbox 962 1579 1009 1630; x_wconf 84' lang='lat' dir='ltr'>tot</span> <span class='ocrx_word' id='word_1_95' title='bbox 1031 1568 1146 1625; x_wconf 89' lang='lat' dir='ltr'>labores</span> <span class='ocrx_word' id='word_1_96' title='bbox 1165 1571 1324 1643; x_wconf 87' lang='lat' dir='ltr'>peculium,</span> <span class='ocrx_word' id='word_1_97' title='bbox 1342 1569 1420 1627; x_wconf 85' lang='lat' dir='ltr'>rnili-</span> 
     </span>
     <span class='ocr_line' id='line_1_14' title="bbox 422 1670 1421 1747; baseline 0.001 -19"><span class='ocrx_word' id='word_1_98' title='bbox 422 1673 499 1729; x_wconf 90' lang='lat' dir='ltr'>tibus</span> <span class='ocrx_word' id='word_1_99' title='bbox 522 1671 616 1746; x_wconf 88' lang='lat' dir='ltr'>impiis</span> <span class='ocrx_word' id='word_1_100' title='bbox 639 1670 770 1737; x_wconf 74' lang='lat' dir='ltr'>fortunas</span> <span class='ocrx_word' id='word_1_101' title='bbox 795 1688 894 1726; x_wconf 87' lang='lat' dir='ltr'>omnes</span> <span class='ocrx_word' id='word_1_102' title='bbox 921 1689 986 1726; x_wconf 91' lang='lat' dir='ltr'>suas</span> <span class='ocrx_word' id='word_1_103' title='bbox 1010 1688 1040 1727; x_wconf 92' lang='lat' dir='ltr'>se</span> <span class='ocrx_word' id='word_1_104' title='bbox 1061 1689 1241 1745; x_wconf 81' lang='lat' dir='ltr'>comparasse</span> <span class='ocrx_word' id='word_1_105' title='bbox 1261 1673 1421 1747; x_wconf 83' lang='lat' dir='ltr'>conspexit.</span> 
     </span>
     <span class='ocr_line' id='line_1_15' title="bbox 421 1771 1424 1848; baseline 0 -17"><span class='ocrx_word' id='word_1_106' title='bbox 421 1776 458 1832; x_wconf 91' lang='lat' dir='ltr'>In</span> <span class='ocrx_word' id='word_1_107' title='bbox 478 1771 640 1831; x_wconf 73' lang='lat' dir='ltr'>Romanam</span> <span class='ocrx_word' id='word_1_108' title='bbox 669 1773 745 1830; x_wconf 87' lang='lat' dir='ltr'>enirn</span> <span class='ocrx_word' id='word_1_109' title='bbox 767 1773 867 1830; x_wconf 87' lang='lat' dir='ltr'>incidit</span> <span class='ocrx_word' id='word_1_110' title='bbox 893 1775 1022 1845; x_wconf 89' lang='lat' dir='ltr'>cladem,</span> <span class='ocrx_word' id='word_1_111' title='bbox 1047 1785 1075 1830; x_wconf 92' lang='lat' dir='ltr'>et</span> <span class='ocrx_word' id='word_1_112' title='bbox 1103 1785 1170 1848; x_wconf 91' lang='lat' dir='ltr'>post</span> <span class='ocrx_word' id='word_1_113' title='bbox 1194 1773 1296 1830; x_wconf 88' lang='lat' dir='ltr'>amissa</span> <span class='ocrx_word' id='word_1_114' title='bbox 1321 1774 1424 1846; x_wconf 73' lang='lat' dir='ltr'>bona,</span> 
     </span>
     <span class='ocr_line' id='line_1_16' title="bbox 422 1875 1423 1950; baseline 0.001 -18"><span class='ocrx_word' id='word_1_115' title='bbox 422 1875 508 1932; x_wconf 89' lang='lat' dir='ltr'>etiam</span> <span class='ocrx_word' id='word_1_116' title='bbox 529 1875 643 1934; x_wconf 88' lang='lat' dir='ltr'>tributis</span> <span class='ocrx_word' id='word_1_117' title='bbox 664 1877 817 1932; x_wconf 89' lang='lat' dir='ltr'>exhaustus</span> <span class='ocrx_word' id='word_1_118' title='bbox 837 1888 899 1946; x_wconf 89' lang='lat' dir='ltr'>est,</span> <span class='ocrx_word' id='word_1_119' title='bbox 919 1877 1025 1950; x_wconf 87' lang='lat' dir='ltr'>quibus</span> <span class='ocrx_word' id='word_1_120' title='bbox 1046 1877 1112 1932; x_wconf 88' lang='lat' dir='ltr'>cinn</span> <span class='ocrx_word' id='word_1_121' title='bbox 1133 1895 1165 1932; x_wconf 90' lang='lat' dir='ltr'>re</span> <span class='ocrx_word' id='word_1_122' title='bbox 1187 1876 1319 1936; x_wconf 83' lang='lat' dir='ltr'>familiari</span> <span class='ocrx_word' id='word_1_123' title='bbox 1339 1877 1423 1934; x_wconf 89' lang='lat' dir='ltr'>dissi-</span> 
     </span>
     <span class='ocr_line' id='line_1_17' title="bbox 419 1975 1423 2056; baseline 0 -21"><span class='ocrx_word' id='word_1_124' title='bbox 419 1989 489 2056; x_wconf 87' lang='lat' dir='ltr'>pata</span> <span class='ocrx_word' id='word_1_125' title='bbox 509 1997 570 2034; x_wconf 90' lang='lat' dir='ltr'>non</span> <span class='ocrx_word' id='word_1_126' title='bbox 589 1975 749 2047; x_wconf 83' lang='lat' dir='ltr'>sufficeret,</span> <span class='ocrx_word' id='word_1_127' title='bbox 769 1996 824 2033; x_wconf 87' lang='lat' dir='ltr'>aere</span> <span class='ocrx_word' id='word_1_128' title='bbox 844 1977 938 2034; x_wconf 89' lang='lat' dir='ltr'>alieno</span> <span class='ocrx_word' id='word_1_129' title='bbox 957 1979 1099 2034; x_wconf 84' lang='lat' dir='ltr'>obaeratus</span> <span class='ocrx_word' id='word_1_130' title='bbox 1112 1997 1166 2053; x_wconf 86' lang='lat' dir='ltr'>per</span> <span class='ocrx_word' id='word_1_131' title='bbox 1184 1997 1295 2035; x_wconf 90' lang='lat' dir='ltr'>menses</span> <span class='ocrx_word' id='word_1_132' title='bbox 1310 1979 1423 2054; x_wconf 74' lang='lat' dir='ltr'>aliquot</span> 
     </span>
     <span class='ocr_line' id='line_1_18' title="bbox 419 2079 1420 2156; baseline 0.001 -20"><span class='ocrx_word' id='word_1_133' title='bbox 419 2081 479 2136; x_wconf 80' lang='lat' dir='ltr'>vita</span> <span class='ocrx_word' id='word_1_134' title='bbox 500 2099 555 2156; x_wconf 90' lang='lat' dir='ltr'>per</span> <span class='ocrx_word' id='word_1_135' title='bbox 585 2097 725 2136; x_wconf 89' lang='lat' dir='ltr'>summam</span> <span class='ocrx_word' id='word_1_136' title='bbox 748 2079 877 2154; x_wconf 87' lang='lat' dir='ltr'>inopiam</span> <span class='ocrx_word' id='word_1_137' title='bbox 904 2091 1016 2150; x_wconf 86' lang='lat' dir='ltr'>tracta,</span> <span class='ocrx_word' id='word_1_138' title='bbox 1041 2080 1251 2138; x_wconf 84' lang='lat' dir='ltr'>miserabiliter</span> <span class='ocrx_word' id='word_1_139' title='bbox 1274 2082 1420 2138; x_wconf 88' lang='lat' dir='ltr'>occubuit·</span> 
     </span>
     <span class='ocr_line' id='line_1_19' title="bbox 423 2181 882 2255; baseline -0.007 -15"><span class='ocrx_word' id='word_1_140' title='bbox 423 2182 481 2242; x_wconf 88' lang='lat' dir='ltr'>Sed</span> <span class='ocrx_word' id='word_1_141' title='bbox 506 2182 594 2239; x_wconf 87' lang='lat' dir='ltr'>redeo</span> <span class='ocrx_word' id='word_1_142' title='bbox 614 2181 675 2255; x_wconf 88' lang='lat' dir='ltr'>jam</span> <span class='ocrx_word' id='word_1_143' title='bbox 698 2183 882 2238; x_wconf 87' lang='lat' dir='ltr'>adnostros.</span> 
     </span>
    </p>

    <p class='ocr_par' dir='ltr' id='par_1_6' title="bbox 264 2282 1423 3278">
     <span class='ocr_line' id='line_1_20' title="bbox 297 2282 1422 2364; baseline -0.003 -19"><span class='ocrx_word' id='word_1_144' title='bbox 297 2295 410 2364; x_wconf 77' lang='lat' dir='ltr'>Ponrpo-</span> <span class='ocrx_word' id='word_1_145' title='bbox 461 2288 640 2342; x_wconf 83' lang='lat' dir='ltr'>Pouaomun</span> <span class='ocrx_word' id='word_1_146' title='bbox 667 2286 776 2340; x_wconf 71' lang='lat' dir='ltr'>Larua</span> <span class='ocrx_word' id='word_1_147' title='bbox 805 2282 904 2357; x_wconf 86' lang='lat' dir='ltr'>ajunt,</span> <span class='ocrx_word' id='word_1_148' title='bbox 933 2284 1015 2350; x_wconf 85' lang='lat' dir='ltr'>illum</span> <span class='ocrx_word' id='word_1_149' title='bbox 1035 2285 1155 2359; x_wconf 89' lang='lat' dir='ltr'>inquam</span> <span class='ocrx_word' id='word_1_150' title='bbox 1181 2286 1267 2342; x_wconf 88' lang='lat' dir='ltr'>tantis</span> <span class='ocrx_word' id='word_1_151' title='bbox 1296 2286 1422 2342; x_wconf 90' lang='lat' dir='ltr'>nominis</span> 
     </span>
     <span class='ocr_line' id='line_1_21' title="bbox 264 2361 1420 2463; baseline 0.002 -22"><span class='ocrx_word' id='word_1_152' title='bbox 264 2361 410 2412; x_wconf 52' lang='lat' dir='ltr'>”imm</span> <span class='ocrx_word' id='word_1_153' title='bbox 422 2386 637 2462; x_wconf 86' lang='lat' dir='ltr'>professorem,</span> <span class='ocrx_word' id='word_1_154' title='bbox 671 2398 700 2442; x_wconf 89' lang='lat' dir='ltr'>et</span> <span class='ocrx_word' id='word_1_155' title='bbox 721 2398 859 2442; x_wconf 82' lang='lat' dir='ltr'>emunctae</span> <span class='ocrx_word' id='word_1_156' title='bbox 884 2386 1026 2443; x_wconf 83' lang='lat' dir='ltr'>vindicem</span> <span class='ocrx_word' id='word_1_157' title='bbox 1048 2387 1216 2444; x_wconf 77' lang='lat' dir='ltr'>Latinitatis</span> <span class='ocrx_word' id='word_1_158' title='bbox 1237 2399 1305 2463; x_wconf 91' lang='lat' dir='ltr'>post</span> <span class='ocrx_word' id='word_1_159' title='bbox 1326 2406 1420 2444; x_wconf 89' lang='lat' dir='ltr'>naua-</span> 
     </span>
     <span class='ocr_line' id='line_1_22' title="bbox 422 2489 1423 2565; baseline 0.001 -21"><span class='ocrx_word' id='word_1_160' title='bbox 422 2499 482 2544; x_wconf 85' lang='lat' dir='ltr'>tam</span> <span class='ocrx_word' id='word_1_161' title='bbox 502 2505 555 2563; x_wconf 87' lang='lat' dir='ltr'>per</span> <span class='ocrx_word' id='word_1_162' title='bbox 574 2499 618 2544; x_wconf 93' lang='lat' dir='ltr'>tot</span> <span class='ocrx_word' id='word_1_163' title='bbox 639 2507 729 2544; x_wconf 85' lang='lat' dir='ltr'>annos</span> <span class='ocrx_word' id='word_1_164' title='bbox 747 2491 887 2545; x_wconf 79' lang='lat' dir='ltr'>Romanae</span> <span class='ocrx_word' id='word_1_165' title='bbox 909 2489 1062 2545; x_wconf 73' lang='lat' dir='ltr'>cathedrae</span> <span class='ocrx_word' id='word_1_166' title='bbox 1084 2489 1226 2564; x_wconf 80' lang='lat' dir='ltr'>operam,</span> <span class='ocrx_word' id='word_1_167' title='bbox 1245 2501 1347 2565; x_wconf 88' lang='lat' dir='ltr'>totque</span> <span class='ocrx_word' id='word_1_168' title='bbox 1366 2508 1423 2564; x_wconf 89' lang='lat' dir='ltr'>per</span> 
     </span>
     <span class='ocr_line' id='line_1_23' title="bbox 422 2589 1420 2668; baseline 0.002 -22"><span class='ocrx_word' id='word_1_169' title='bbox 422 2589 590 2651; x_wconf 87' lang='lat' dir='ltr'>uniuersum</span> <span class='ocrx_word' id='word_1_170' title='bbox 612 2603 756 2647; x_wconf 88' lang='lat' dir='ltr'>terrarum</span> <span class='ocrx_word' id='word_1_171' title='bbox 783 2592 885 2647; x_wconf 89' lang='lat' dir='ltr'>orbem</span> <span class='ocrx_word' id='word_1_172' title='bbox 909 2591 1066 2666; x_wconf 90' lang='lat' dir='ltr'>discipulos</span> <span class='ocrx_word' id='word_1_173' title='bbox 1090 2591 1128 2646; x_wconf 91' lang='lat' dir='ltr'>ad</span> <span class='ocrx_word' id='word_1_174' title='bbox 1152 2593 1336 2668; x_wconf 71' lang='lat' dir='ltr'>Eloquentiae</span> <span class='ocrx_word' id='word_1_175' title='bbox 1358 2596 1420 2650; x_wconf 82' lang='lat' dir='ltr'>llo·</span> 
     </span>
     <span class='ocr_line' id='line_1_24' title="bbox 422 2693 1420 2771; baseline 0.003 -22"><span class='ocrx_word' id='word_1_176' title='bbox 422 2712 521 2750; x_wconf 84' lang='lat' dir='ltr'>mnnoe</span> <span class='ocrx_word' id='word_1_177' title='bbox 542 2693 697 2768; x_wconf 88' lang='lat' dir='ltr'>puritatem</span> <span class='ocrx_word' id='word_1_178' title='bbox 722 2694 939 2769; x_wconf 80' lang='lat' dir='ltr'>propagandam</span> <span class='ocrx_word' id='word_1_179' title='bbox 958 2695 1107 2766; x_wconf 88' lang='lat' dir='ltr'>dimissos,</span> <span class='ocrx_word' id='word_1_180' title='bbox 1126 2695 1243 2771; x_wconf 88' lang='lat' dir='ltr'>inopem</span> <span class='ocrx_word' id='word_1_181' title='bbox 1266 2696 1306 2753; x_wconf 93' lang='lat' dir='ltr'>ad</span> <span class='ocrx_word' id='word_1_182' title='bbox 1326 2707 1420 2752; x_wconf 90' lang='lat' dir='ltr'>extre·</span> 
     </span>
     <span class='ocr_line' id='line_1_25' title="bbox 421 2794 1420 2872; baseline 0 -18"><span class='ocrx_word' id='word_1_183' title='bbox 421 2813 502 2854; x_wconf 85' lang='lat' dir='ltr'>mum</span> <span class='ocrx_word' id='word_1_184' title='bbox 530 2794 618 2851; x_wconf 77' lang='lat' dir='ltr'>vitam</span> <span class='ocrx_word' id='word_1_185' title='bbox 651 2795 834 2866; x_wconf 83' lang='lat' dir='ltr'>traduxisse,</span> <span class='ocrx_word' id='word_1_186' title='bbox 859 2815 1087 2872; x_wconf 88' lang='lat' dir='ltr'>oppressumque</span> <span class='ocrx_word' id='word_1_187' title='bbox 1117 2798 1246 2869; x_wconf 91' lang='lat' dir='ltr'>morbo,</span> <span class='ocrx_word' id='word_1_188' title='bbox 1277 2798 1356 2855; x_wconf 91' lang='lat' dir='ltr'>unde</span> <span class='ocrx_word' id='word_1_189' title='bbox 1388 2817 1420 2854; x_wconf 92' lang='lat' dir='ltr'>se</span> 
     </span>
     <span class='ocr_line' id='line_1_26' title="bbox 423 2898 1420 2978; baseline 0.002 -25"><span class='ocrx_word' id='word_1_190' title='bbox 423 2898 529 2968; x_wconf 88' lang='lat' dir='ltr'>aleret,</span> <span class='ocrx_word' id='word_1_191' title='bbox 551 2908 580 2953; x_wconf 92' lang='lat' dir='ltr'>et</span> <span class='ocrx_word' id='word_1_192' title='bbox 604 2909 733 2968; x_wconf 85' lang='lat' dir='ltr'>curaret,</span> <span class='ocrx_word' id='word_1_193' title='bbox 756 2916 816 2955; x_wconf 89' lang='lat' dir='ltr'>non</span> <span class='ocrx_word' id='word_1_194' title='bbox 831 2899 983 2978; x_wconf 82' lang='lat' dir='ltr'>habuisse,</span> <span class='ocrx_word' id='word_1_195' title='bbox 1005 2899 1083 2955; x_wconf 91' lang='lat' dir='ltr'>etin</span> <span class='ocrx_word' id='word_1_196' title='bbox 1101 2900 1282 2956; x_wconf 91' lang='lat' dir='ltr'>xenodochio</span> <span class='ocrx_word' id='word_1_197' title='bbox 1302 2919 1420 2974; x_wconf 81' lang='lat' dir='ltr'>suscep-</span> 
     </span>
     <span class='ocr_line' id='line_1_27' title="bbox 422 2999 1418 3076; baseline 0.003 -21"><span class='ocrx_word' id='word_1_198' title='bbox 422 3010 484 3055; x_wconf 89' lang='lat' dir='ltr'>tum</span> <span class='ocrx_word' id='word_1_199' title='bbox 507 3011 633 3055; x_wconf 85' lang='lat' dir='ltr'>extrema</span> <span class='ocrx_word' id='word_1_200' title='bbox 655 2999 686 3054; x_wconf 89' lang='lat' dir='ltr'>iu</span> <span class='ocrx_word' id='word_1_201' title='bbox 706 3011 831 3076; x_wconf 85' lang='lat' dir='ltr'>egestate</span> <span class='ocrx_word' id='word_1_202' title='bbox 853 3002 1033 3057; x_wconf 89' lang='lat' dir='ltr'>laborantem</span> <span class='ocrx_word' id='word_1_203' title='bbox 1056 3002 1115 3058; x_wconf 79' lang='lat' dir='ltr'>rita</span> <span class='ocrx_word' id='word_1_204' title='bbox 1139 3001 1313 3072; x_wconf 86' lang='lat' dir='ltr'>excessisse,</span> <span class='ocrx_word' id='word_1_205' title='bbox 1337 3002 1418 3076; x_wconf 86' lang='lat' dir='ltr'>peri-</span> 
     </span>
     <span class='ocr_line' id='line_1_28' title="bbox 422 3101 1421 3178; baseline 0.003 -21"><span class='ocrx_word' id='word_1_206' title='bbox 422 3101 577 3176; x_wconf 84' lang='lat' dir='ltr'>culumque</span> <span class='ocrx_word' id='word_1_207' title='bbox 607 3101 728 3172; x_wconf 90' lang='lat' dir='ltr'>adiisse,</span> <span class='ocrx_word' id='word_1_208' title='bbox 761 3113 794 3158; x_wconf 92' lang='lat' dir='ltr'>nt</span> <span class='ocrx_word' id='word_1_209' title='bbox 820 3101 980 3178; x_wconf 87' lang='lat' dir='ltr'>insepultus</span> <span class='ocrx_word' id='word_1_210' title='bbox 1011 3103 1141 3176; x_wconf 83' lang='lat' dir='ltr'>jaceret,</span> <span class='ocrx_word' id='word_1_211' title='bbox 1175 3103 1230 3160; x_wconf 90' lang='lat' dir='ltr'>nisi</span> <span class='ocrx_word' id='word_1_212' title='bbox 1261 3103 1421 3160; x_wconf 85' lang='lat' dir='ltr'>amicorum</span> 
     </span>
     <span class='ocr_line' id='line_1_29' title="bbox 422 3185 1271 3278; baseline 0.006 -20"><span class='ocrx_word' id='word_1_213' title='bbox 422 3201 557 3278; x_wconf 86' lang='lat' dir='ltr'>impensis</span> <span class='ocrx_word' id='word_1_214' title='bbox 577 3203 668 3259; x_wconf 90' lang='lat' dir='ltr'>elatus</span> <span class='ocrx_word' id='word_1_215' title='bbox 688 3197 772 3260; x_wconf 83' lang='lat' dir='ltr'>esset.</span> <span class='ocrx_word' id='word_1_216' title='bbox 800 3201 802 3204; x_wconf 70' lang='grc'><strong>’</strong></span> <span class='ocrx_word' id='word_1_217' title='bbox 1269 3185 1271 3188; x_wconf 27' lang='lat'>¹</span> 
     </span>
    </p>

    <p class='ocr_par' dir='ltr' id='par_1_7' title="bbox 249 3305 1421 3690">
     <span class='ocr_line' id='line_1_30' title="bbox 284 3305 1421 3381; baseline 0 -19"><span class='ocrx_word' id='word_1_218' title='bbox 284 3326 412 3378; x_wconf 46' lang='lat' dir='ltr'>Mum.</span> <span class='ocrx_word' id='word_1_219' title='bbox 465 3305 543 3376; x_wconf 88' lang='lat' dir='ltr'>Quid</span> <span class='ocrx_word' id='word_1_220' title='bbox 563 3318 659 3362; x_wconf 87' lang='lat' dir='ltr'>autem</span> <span class='ocrx_word' id='word_1_221' title='bbox 678 3306 761 3362; x_wconf 88' lang='lat' dir='ltr'>vobis</span> <span class='ocrx_word' id='word_1_222' title='bbox 780 3305 970 3364; x_wconf 84' lang='lat' dir='ltr'>miserabilem</span> <span class='ocrx_word' id='word_1_223' title='bbox 990 3309 1089 3364; x_wconf 77' lang='lat' dir='ltr'>Minci</span> <span class='ocrx_word' id='word_1_224' title='bbox 1112 3307 1243 3381; x_wconf 83' lang='lat' dir='ltr'>Arrorrj</span> <span class='ocrx_word' id='word_1_225' title='bbox 1264 3308 1421 3364; x_wconf 74' lang='lat' dir='ltr'>Cistnoun</span> 
     </span>
     <span class='ocr_line' id='line_1_31' title="bbox 267 3392 1420 3485; baseline 0.002 -23"><span class='ocrx_word' id='word_1_226' title='bbox 267 3411 321 3444; x_wconf 68' lang='lat'>”³¹¹⁸</span> <span class='ocrx_word' id='word_1_227' title='bbox 332 3392 412 3444; x_wconf 68' lang='lat' dir='ltr'>cm·</span> <span class='ocrx_word' id='word_1_228' title='bbox 423 3405 509 3463; x_wconf 86' lang='lat' dir='ltr'>linem</span> <span class='ocrx_word' id='word_1_229' title='bbox 529 3409 706 3468; x_wconf 75' lang='lat' dir='ltr'>memorem?</span> <span class='ocrx_word' id='word_1_230' title='bbox 726 3408 810 3482; x_wconf 84' lang='lat' dir='ltr'>cujus</span> <span class='ocrx_word' id='word_1_231' title='bbox 831 3409 862 3463; x_wconf 90' lang='lat' dir='ltr'>in</span> <span class='ocrx_word' id='word_1_232' title='bbox 882 3408 1093 3485; x_wconf 84' lang='lat' dir='ltr'>epigrammatis</span> <span class='ocrx_word' id='word_1_233' title='bbox 1112 3409 1253 3482; x_wconf 89' lang='lat' dir='ltr'>leporem,</span> <span class='ocrx_word' id='word_1_234' title='bbox 1274 3408 1420 3484; x_wconf 75' lang='lat' dir='ltr'>&#39;argutias-</span> 
     </span>
     <span class='ocr_line' id='line_1_32' title="bbox 267 3477 1421 3588; baseline 0.002 -24"><span class='ocrx_word' id='word_1_235' title='bbox 267 3477 340 3511; x_wconf 83' lang='lat' dir='ltr'>noua.</span> <span class='ocrx_word' id='word_1_236' title='bbox 423 3528 499 3584; x_wconf 89' lang='lat' dir='ltr'>que,</span> <span class='ocrx_word' id='word_1_237' title='bbox 531 3521 560 3565; x_wconf 90' lang='lat' dir='ltr'>et</span> <span class='ocrx_word' id='word_1_238' title='bbox 586 3510 757 3585; x_wconf 80' lang='lat' dir='ltr'>elegantiam</span> <span class='ocrx_word' id='word_1_239' title='bbox 780 3522 846 3566; x_wconf 81' lang='lat' dir='ltr'>aetas</span> <span class='ocrx_word' id='word_1_240' title='bbox 866 3522 966 3567; x_wconf 89' lang='lat' dir='ltr'>nostra</span> <span class='ocrx_word' id='word_1_241' title='bbox 994 3529 1082 3585; x_wconf 90' lang='lat' dir='ltr'>supra</span> <span class='ocrx_word' id='word_1_242' title='bbox 1103 3511 1230 3587; x_wconf 88' lang='lat' dir='ltr'>reliquos</span> <span class='ocrx_word' id='word_1_243' title='bbox 1255 3529 1291 3567; x_wconf 90' lang='lat' dir='ltr'>eo</span> <span class='ocrx_word' id='word_1_244' title='bbox 1314 3529 1421 3588; x_wconf 79' lang='lat' dir='ltr'>genere</span> 
     </span>
     <span class='ocr_line' id='line_1_33' title="bbox 249 3611 1420 3690; baseline 0.002 -24"><span class='ocrx_word' id='word_1_245' title='bbox 249 3650 251 3655; x_wconf 71' lang='lat'>‚</span> <span class='ocrx_word' id='word_1_246' title='bbox 323 3667 326 3672; x_wconf 82' lang='grc'><em>,</em></span> <span class='ocrx_word' id='word_1_247' title='bbox 422 3611 563 3667; x_wconf 89' lang='lat' dir='ltr'>admirata</span> <span class='ocrx_word' id='word_1_248' title='bbox 587 3623 639 3668; x_wconf 88' lang='lat' dir='ltr'>est.</span> <span class='ocrx_word' id='word_1_249' title='bbox 670 3612 817 3683; x_wconf 88' lang='lat' dir='ltr'>Quamdiu</span> <span class='ocrx_word' id='word_1_250' title='bbox 838 3623 934 3668; x_wconf 88' lang='lat' dir='ltr'>autem</span> <span class='ocrx_word' id='word_1_251' title='bbox 956 3617 1047 3670; x_wconf 68' lang='lat' dir='ltr'>Itoana</span> <span class='ocrx_word' id='word_1_252' title='bbox 1070 3611 1188 3685; x_wconf 88' lang='lat' dir='ltr'>floruit,</span> <span class='ocrx_word' id='word_1_253' title='bbox 1214 3613 1274 3690; x_wconf 90' lang='lat' dir='ltr'>ipse</span> <span class='ocrx_word' id='word_1_254' title='bbox 1300 3631 1420 3688; x_wconf 89' lang='lat' dir='ltr'>quoque</span> 
     </span>
    </p>

    <p class='ocr_par' dir='ltr' id='par_1_8' title="bbox 420 3711 1421 4198">
     <span class='ocr_line' id='line_1_34' title="bbox 422 3711 1421 3788; baseline 0 -18"><span class='ocrx_word' id='word_1_255' title='bbox 422 3731 520 3770; x_wconf 85' lang='lat' dir='ltr'>rerum</span> <span class='ocrx_word' id='word_1_256' title='bbox 540 3713 615 3788; x_wconf 75' lang='lat' dir='ltr'>pene</span> <span class='ocrx_word' id='word_1_257' title='bbox 635 3714 765 3771; x_wconf 88' lang='lat' dir='ltr'>omnium</span> <span class='ocrx_word' id='word_1_258' title='bbox 784 3714 916 3771; x_wconf 83' lang='lat' dir='ltr'>felicitate</span> <span class='ocrx_word' id='word_1_259' title='bbox 932 3714 1050 3772; x_wconf 82' lang='lat' dir='ltr'>affluere</span> <span class='ocrx_word' id='word_1_260' title='bbox 1069 3713 1145 3772; x_wconf 85' lang='lat' dir='ltr'>visus</span> <span class='ocrx_word' id='word_1_261' title='bbox 1163 3711 1215 3774; x_wconf 79' lang='lat' dir='ltr'>est.</span> <span class='ocrx_word' id='word_1_262' title='bbox 1234 3718 1303 3771; x_wconf 86' lang='lat' dir='ltr'>Post</span> <span class='ocrx_word' id='word_1_263' title='bbox 1318 3719 1421 3772; x_wconf 81' lang='lat' dir='ltr'>Romoe</span> 
     </span>
     <span class='ocr_line' id='line_1_35' title="bbox 423 3811 1419 3892; baseline -0.001 -20"><span class='ocrx_word' id='word_1_264' title='bbox 423 3811 572 3885; x_wconf 71' lang='lat' dir='ltr'>occasum,¹</span> <span class='ocrx_word' id='word_1_265' title='bbox 602 3815 843 3890; x_wconf 80' lang='lat' dir='ltr'>faedissimamque</span> <span class='ocrx_word' id='word_1_266' title='bbox 861 3816 1083 3891; x_wconf 88' lang='lat' dir='ltr'>diremptionem</span> <span class='ocrx_word' id='word_1_267' title='bbox 1106 3813 1169 3892; x_wconf 86' lang='lat' dir='ltr'>ipse</span> <span class='ocrx_word' id='word_1_268' title='bbox 1188 3817 1321 3892; x_wconf 87' lang='lat' dir='ltr'>quamuis</span> <span class='ocrx_word' id='word_1_269' title='bbox 1339 3834 1419 3872; x_wconf 86' lang='lat' dir='ltr'>acen-</span> 
     </span>
     <span class='ocr_line' id='line_1_36' title="bbox 422 3913 1419 3994; baseline -0.001 -20"><span class='ocrx_word' id='word_1_270' title='bbox 422 3918 512 3974; x_wconf 89' lang='lat' dir='ltr'>rimus</span> <span class='ocrx_word' id='word_1_271' title='bbox 532 3917 727 3974; x_wconf 82' lang='lat' dir='ltr'>Columnenn&#39;s</span> <span class='ocrx_word' id='word_1_272' title='bbox 745 3913 877 3974; x_wconf 71' lang='lat' dir='ltr'>&#39;factionis</span> <span class='ocrx_word' id='word_1_273' title='bbox 899 3930 1023 3976; x_wconf 91' lang='lat' dir='ltr'>sectator</span> <span class='ocrx_word' id='word_1_274' title='bbox 1045 3931 1137 3991; x_wconf 85' lang='lat' dir='ltr'>esset,</span> <span class='ocrx_word' id='word_1_275' title='bbox 1163 3918 1219 3994; x_wconf 85' lang='lat' dir='ltr'>pro</span> <span class='ocrx_word' id='word_1_276' title='bbox 1239 3937 1297 3994; x_wconf 88' lang='lat' dir='ltr'>qua</span> <span class='ocrx_word' id='word_1_277' title='bbox 1316 3920 1419 3993; x_wconf 83' lang='lat' dir='ltr'>poten·</span> 
     </span>
     <span class='ocr_line' id='line_1_37' title="bbox 422 4015 1419 4094; baseline 0.003 -21"><span class='ocrx_word' id='word_1_278' title='bbox 422 4018 596 4074; x_wconf 84' lang='lat' dir='ltr'>tissimorum</span> <span class='ocrx_word' id='word_1_279' title='bbox 621 4018 784 4094; x_wconf 73' lang='lat' dir='ltr'>Principum</span> <span class='ocrx_word' id='word_1_280' title='bbox 809 4015 969 4077; x_wconf 86' lang='lat' dir='ltr'>inimicitias</span> <span class='ocrx_word' id='word_1_281' title='bbox 994 4021 1026 4076; x_wconf 89' lang='lat' dir='ltr'>in</span> <span class='ocrx_word' id='word_1_282' title='bbox 1048 4040 1078 4077; x_wconf 90' lang='lat' dir='ltr'>se</span> <span class='ocrx_word' id='word_1_283' title='bbox 1103 4019 1310 4091; x_wconf 74' lang='lat' dir='ltr'>connexerat,</span> <span class='ocrx_word' id='word_1_284' title='bbox 1343 4021 1419 4076; x_wconf 87' lang='lat' dir='ltr'>cala·</span> 
     </span>
     <span class='ocr_line' id='line_1_38' title="bbox 420 4119 1420 4198; baseline 0.001 -23"><span class='ocrx_word' id='word_1_285' title='bbox 420 4119 526 4175; x_wconf 87' lang='lat' dir='ltr'>mitoso</span> <span class='ocrx_word' id='word_1_286' title='bbox 546 4131 698 4183; x_wconf 87' lang='lat' dir='ltr'>tamen.eo</span> <span class='ocrx_word' id='word_1_287' title='bbox 721 4133 866 4196; x_wconf 88' lang='lat' dir='ltr'>tempore,</span> <span class='ocrx_word' id='word_1_288' title='bbox 888 4141 948 4196; x_wconf 91' lang='lat' dir='ltr'>quo</span> <span class='ocrx_word' id='word_1_289' title='bbox 966 4141 999 4179; x_wconf 89' lang='lat' dir='ltr'>ea</span> <span class='ocrx_word' id='word_1_290' title='bbox 1018 4123 1105 4180; x_wconf 84' lang='lat' dir='ltr'>lactio</span> <span class='ocrx_word' id='word_1_291' title='bbox 1125 4124 1279 4198; x_wconf 71' lang='lat' dir='ltr'>Hispanis,</span> <span class='ocrx_word' id='word_1_292' title='bbox 1301 4125 1420 4181; x_wconf 80' lang='lat' dir='ltr'>Germa-</span> 
     </span>
    </p>
   </div>
   <div class='ocr_carea' id='block_1_6' title="bbox 0 0 1598 5166">
    <p class='ocr_par' dir='ltr' id='par_1_9' title="bbox 0 0 1598 5166">
     <span class='ocr_line' id='line_1_39' title="bbox 0 0 1598 5166; baseline 0 0"><span class='ocrx_word' id='word_1_293' title='bbox 0 0 1598 5166; x_wconf 95' lang='lat' dir='ltr'> </span> 
     </span>
    </p>
   </div>
  </div>
 </body>
</html>
