3186 5166
319 481 322 486 -
352 445 584 502 erruntronun
604 444 804 497 Inrrtcrrarr.
845 436 908 494 Lib.
930 439 969 495 11·
1121 435 1160 496 81

243 575 391 630 Annorum
407 573 512 641 series,
534 581 563 626 et
572 567 651 643 suga
671 578 836 642 temporum.
856 607 859 614 .

242 679 309 734 Non
326 677 418 732 omnis
437 674 562 742 morictr,
586 674 730 744 multaque
745 689 818 744 pars
836 671 895 724 mei

245 777 274 833 V
271 780 355 834 itatis
366 779 532 833 Libitinam.
552 781 647 851 Usque
666 793 720 848 ego
736 785 854 848 postera

162 933 166 944 .
247 883 377 938 Crescam
400 883 485 936 laude
503 870 615 948 reeeus5

164 978 201 1040 Et
222 1003 284 1058 quae
300 985 470 1056 sequu'ntur.
488 982 618 1037 Gloriose
635 980 771 1054 quidem,
792 981 841 1036 sed
862 978 981 1054 quaesita
1001 996 1036 1034 ex
1050 977 1159 1034 meritis

165 1087 308 1160 superbia.
336 1089 382 1141 Ita
406 1097 435 1141 et
461 1087 540 1140 Naso
561 1085 592 1138 in
617 1084 769 1140 Octauiani
785 1084 916 1139 ·Coesaris
937 1082 1074 1138 inuidiam
1097 1083 1157 1136 exi·
1189 1075 1192 1082 ’

163 1189 233 1244 lium
256 1189 422 1244 consolatur
442 1205 542 1256 snum3
568 1165 662 1242 Pierio
683 1187 748 1242 cittn
772 1186 900 1242 concitus
921 1197 1005 1242 aestro
1029 1186 1157 1240 clamat:

201 1294 328 1366 lamque
338 1310 409 1365 opus
422 1291 508 1364 exegi
514 1331 524 1358 ,
541 1292 620 1364 quod
632 1290 852 1358 auctoritem,
866 1307 918 1344 nec
932 1290 1031 1362 ignes,

202 1396 265 1450 Nec
280 1394 386 1468 poterit
395 1391 525 1463 serrum,
544 1411 596 1446 uec
613 1394 690 1446 edax
710 1392 824 1446 abolere
845 1402 972 1446 vetustas
982 1433 993 1461 ,

207 1497 277 1554 cum
292 1499 371 1552 uolet
387 1497 438 1550 illa
455 1495 530 1563 dies',
554 1515 621 1569 quor
642 1495 685 1548 nil
701 1494 757 1548 nisi
775 1493 901 1568 corporis
919 1493 1004 1564 hujus

202 1602 255 1655 Jus
274 1599 379 1668 habet,
393 1600 501 1680 'incerti
522 1600 646 1672 spatium
667 1597 741 1652 milti
752 1598 846 1670 finiat
867 1597 932 1652 oeut’.

201 1712 291 1762 Pater
310 1715 404 1757 tamen
425 1703 540 1757 meliore
559 1701 617 1755 mei
634 1719 719 1774 super
736 1702 798 1754 alta
810 1679 949 1773 perennis

200 1808 288 1862 Astra
299 1803 399 1875 ferar,
420 1823 580 1878 nomenque
599 1804 652 1859 erit
671 1803 820 1856 indelebile
836 1813 962 1856 nostrum
984 1821 992 1856 :

204 1883 325 1981 Quaque
340 1919 424 1983 patet
442 1908 557 1962 domitis
576 1909 708 1962 Romana
721 1906 854 1978 potentia
875 1906 955 1959 terrie

205 2012 261 2066 Ore
277 2013 361 2086 'legar
374 2012 478 2084 populi
485 2050 496 2077 ,
511 2028 623 2084 perque
643 2009 741 2064 omnia
760 2009 866 2062 saecula
877 1985 990 2078 fania,

202 2114 234 2170 Si
251 2114 321 2187 quid
339 2113 445 2168 habent
464 2112 528 2169 veri
545 2123 646 2167 uatum
659 2111 828 2185 proesagia,
850 2111 960 2165 uiuam.

200 2217 246 2270 Ita
261 2217 427 2293 Propertius
451 2233 480 2270 se
500 2213 625 2289 antiquis
646 2213 744 2270 inserit
765 2212 977 2287 scriptoribus,
1009 2209 1073 2268 ciem
1093 2222 1161 2287 post

164 2334 265 2374 eorum
285 2319 531 2400 nomenclaturam
547 2317 587 2372 ait
608 2336 615 2370 t

245 2421 369 2494 Cynthia
387 2422 455 2495 quin
475 2421 562 2476 etiam
581 2438 666 2475 uersu
686 2431 844 2475 memorato
864 2419 1023 2494 Propertt'j,

241 2526 302 2579 Hos
320 2525 394 2579 iuter
410 2525 437 2578 si
455 2541 500 2578 me
513 2541 622 2597 ponere
632 2521 722 2594 sama
742 2526 827 2578 uolet.

208 2629 252 2682 Ita
271 2625 375 2701 reliqui
394 2645 494 2682 omnes
514 2637 624 2681 tantam
643 2627 680 2681 de
700 2625 798 2680 futura
817 2623 971 2697 hujumodi
990 2623 1159 2684 immortali-

161 2738 221 2786 tate
234 2730 414 2803 dulcedinem
428 2745 602 2802 concepere„
621 2739 653 2783 ut
661 2746 763 2801 neque
778 2729 905 2798 labores,
926 2747 1021 2802 neque
1035 2731 1157 2800 damna,

162 2853 222 2890 non
242 2833 374 2916 inqendia
392 2873 401 2900 ,
422 2851 482 2887 non
501 2850 605 2906 graues
625 2831 723 2886 ruinas
740 2830 791 2904 pili
810 2831 977 2907 facerevisi
997 2833 1062 2888 sint.
1084 2833 1158 2888 Hine

161 2948 222 3004 est,
244 2936 323 3010 quod
344 2935 414 2991 dum
433 2934 551 3007 majoris
572 2933 722 3006 cujusdem
742 2933 926 2988 emolumenti
946 2935 1087 3008 rationem
1106 2937 1157 2990 ha-

160 3038 251 3108 bent,
270 3039 395 3093 humana
414 3037 473 3091 haec
494 3035 709 3110 quodammodo
731 3035 933 3108 despexerint,
963 3038 1070 3110 alijque
1090 3038 1156 3093 ideo

161 3141 255 3196 minim
276 3140 352 3195 cauti
372 3139 409 3194 ad
429 3138 565 3194 euitanda
584 3138 706 3193 fortunae
727 3141 801 3208 tela,
823 3139 890 3212 quia
910 3138 1056 3194 fortunam
1077 3139 1157 3195 nihili

161 3242 333 3320 penderint,
364 3240 430 3309 eui,
459 3240 503 3295 uti
522 3240 650 3295 iactitare
671 3241 771 3295 solitus
790 3242 934 3313 Diogenes
953 3241 1032 3314 ipse,
1054 3241 1156 3298 minaci

162 3343 325 3428 mandarint
345 3344 502 3424 laqueum,
531 3342 714 3414 mediumque
735 3362 860 3417 unguem
881 3344 1066 3399 ostenderint.
1097 3344 1154 3418 Alij

161 3447 255 3502 mimis
283 3446 319 3501 ad
340 3464 402 3501 rem
421 3445 580 3501 faciendam
599 3443 790 3514 vel'idonei,
821 3446 864 3500 vel
893 3446 1061 3521 diligentes,
1088 3449 1156 3521 quia

162 3549 283 3604 virtutes
314 3566 386 3604 auro
416 3549 506 3624 magis
525 3548 712 3619 aestimarim,
744 3548 927 3618 eruditione,
957 3561 985 3605 et
1017 3550 1156 3624 sapientia

162 3629 345 3706 euncta'esse
362 3650 474 3706 minora
494 3653 670 3726 putauerint.
686 3655 722 3707 ln
740 3651 916 3725 ignobilitate
930 3652 976 3725 alij
992 3653 1154 3725 jacuerint,

161 3755 229 3828 quia
248 3755 294 3834 vel
306 3753 507 3832 ¹conditionem
527 3739 637 3834 Regum
658 3772 708 3826 sua
729 3754 862 3809 duxerint
883 3755 1056 3810 inferiorem.
1088 3759 1155 3825 Quo

160 3857 236 3911 enim
252 3856 404 3930 quisquam
424 3857 512 3926 velit,
533 3857 583 3931 qui
603 3875 671 3912 sana
691 3867 786 3912 mente
806 3856 857 3926 sit,
878 3870 977 3913 noctes
991 3870 1077 3931 atque
1095 3859 1157 3914 dies
1207 3847 1212 3854 ⁵

160 3958 213 4015 niti
233 3969 377 4032 perstante
397 3959 496 4042 labore
516 3960 553 4038 ad
573 3978 696 4014 summas
717 3977 861 4032 emergere
881 3978 975 4033 opes,
1000 3980 1155 4036 rerumque

148 4061 277 4149 ‘potitii
304 4062 334 4120 Si
355 4062 443 4136 quim
461 4063 558 4120 breuia
579 4063 632 4120 teni
653 4063 711 4132 sit,
741 4063 908 4122 meminerit.
931 4039 1077 4139 Numqui
1096 4067 1154 4123 haec

865 4219 870 4229 .
907 4218 911 4226 ,
1002 4187 1045 4224 11.
