3202 5168
305 1803 423 1852 Laurum

280 1873 327 1920 tius
338 1869 407 1918 Lau-

281 1941 417 1988 rossanus.

437 421 471 480 32
679 430 800 484 loturus
820 427 920 500 Pmmj
941 430 1122 499 Vinearum,
1141 449 1178 484 rut

432 554 529 611 nescio
556 528 670 630 qust
686 555 767 629 quod
791 574 876 612 causa
903 557 1029 631 quadam
1051 551 1218 628 deciderat,
1245 555 1276 613 in
1299 577 1357 634 qus
1386 569 1438 618 se·

432 658 527 714 cunda
553 658 649 728 omnia
669 658 724 714 sibi
739 670 950 734 proposuerat,
973 659 1110 733 illapsus,
1134 660 1188 716 sub
1206 660 1295 735 idque
1317 673 1435 738 tempus

432 761 535 836 grandi
557 761 684 836 pecuniae
711 752 846 836 deposito
870 761 887 816 is
912 762 1008 837 magni
1031 763 1155 819 nominis
1178 764 1270 821 amico
1291 784 1345 841 per
1366 765 1433 822 inli-

432 867 583 923 ciationem
602 865 796 942 indignissimi
811 865 1016 935 defraudatus,
1031 865 1062 921 in
1078 869 1214 924 conclaue
1227 887 1311 924 suum
1327 882 1432 945 sponte

431 969 578 1039 inclusus,
598 969 787 1043 iniquissimas
810 968 863 1024 sibi
886 987 988 1024 marrus
1009 969 1114 1025 intulit.
1127 971 1250 1028 Foribus
1267 971 1349 1029 enim‘
1364 986 1433 1049 post

432 1074 551 1146 aliquod
572 1073 923 1148 temporis-interuallum,
946 1092 1006 1146 quo
1028 1093 1089 1129 nort
1108 1074 1246 1149 prodibat
1268 1077 1305 1132 ad
1320 1055 1435 1150 ¹cilicia,

431 1175 603 1250 perfractis,
622 1187 754 1250 repertus
772 1187 815 1231 est
829 1175 852 1253 it¹
868 1176 1034 1232 necessariis
1046 1177 1127 1231 humi
1146 1177 1259 1249 iacens,
1282 1181 1435 1256 praelongo

432 1279 529 1354 gladio
552 1299 605 1354 per
629 1278 756 1350 medium
779 1290 882 1352 peetus
901 1279 1025 1349 adacto,
1050 1278 1120 1335 dum
1136 1280 1271 1337 hesterno
1293 1283 1437 1357 sanguine·

433 1393 527 1438 totum
551 1383 674 1439 cubiculi
701 1383 899 1456 pauimentum
922 1393 1045 1454 nataret¹
1074 1382 1143 1438 Visa
1166 1394 1262 1439 tamen
1285 1385 1344 1441 haec
1369 1387 1433 1442 lues

433 1486 583 1540 Florentiae
606 1485 716 1561 magis,
734 1487 822 1560 quam
840 1485 908 1540 alibi
930 1485 1036 1560 rigere.
1057 1487 1127 1542 Tres
1155 1486 1296 1560 siquidem
1318 1507 1431 1544 memo-

434 1600 537 1644 rantur
555 1588 673 1644 litterati
694 1589 770 1659 viri,
794 1589 854 1644 eius
872 1587 953 1642 urbis
973 1587 1070 1658 ciues,
1093 1588 1145 1662 qui
1165 1590 1216 1644 tali
1235 1592 1364 1665 perpulsi
1382 1592 1430 1646 in-

434 1669 519 1750 stanna¹
538 1692 704 1768 semetipsos
727 1691 905 1749 suffocarint.

478 1798 521 1851 le
542 1796 647 1869 quibus
669 1797 856 1851 Llunsnrrus
877 1797 1102 1852 Lsuannrtsnns
1124 1815 1232 1872 magnae
1260 1797 1439 1853 celebritatis

437 1911 504 1968 est,
537 1917 596 1971 quo
624 1918 685 1954 non
712 1899 870 1975 elegantior
893 1899 1047 1973 quisquam
1074 1894 1270 1974 Philosophiae
1296 1901 1432 1957 studiad

439 2003 629 2060 Ciceronianis
656 2003 834 2077 temporibus
859 2004 897 2058 ad
921 2003 982 2058 haec
1005 2021 1099 2077 usque
1124 2005 1225 2059 saecula
1248 2003 1435 2078 interpretari

437 2123 587 2180 aggressus
613 2117 680 2176 est,
709 2107 835 2176 Graece,
863 2107 1023 2179 Latineque
1046 2106 1182 2161 nimirum
1213 2106 1434 2164 eruditissimus.

436 2212 513 2264 Dum
535 2220 631 2264 autem
650 2209 673 2264 is
693 2209 910 2266 Commentariis
928 2209 959 2264 in
973 2209 1152 2264 Aristotelem
1171 2209 1276 2264 Latino
1296 2209 1437 2266 idiomate

437 2310 516 2367 omni
544 2323 686 2367 summota
716 2312 853 2366 barbarie
886 2311 1025 2367 incumbit
1051 2312 1275 2382 elucubrandis,
1306 2331 1437 2387 parsque

437 2433 538 2470 eorum
558 2415 616 2470 iam
634 2414 725 2483 edita,
744 2433 811 2488 pars
831 2414 943 2469 edenda
956 2414 1146 2489 procuditur,
1162 2415 1315 2490 repentino
1336 2416 1433 2472 nescio

437 2537 497 2592 quo
519 2517 617 2573 furore
641 2530 741 2592 raptus
766 2517 797 2572 in
817 2517 995 2591 profundum
1017 2536 1098 2592 aquae
1120 2530 1239 2594 puteum
1259 2530 1348 2574 semet
1372 2519 1440 2593 ipse

437 2621 612 2695 praecipitem
634 2620 732 2690 dedit,
756 2637 843 2693 seque
858 2619 933 2689 vita,
960 2631 989 2676 et
1006 2621 1155 2677 ‘studiosos
1176 2639 1275 2678 omnes
1297 2634 1432 2697 expecta-

437 2723 535 2792 tione,
557 2741 701 2797 quamque
720 2723 756 2778 de
769 2722 885 2778 homine
904 2741 982 2797 spem
997 2734 1207 2798 conceperant,
1226 2724 1365 2782 frustatus
1379 2736 1431 2782 est.

485 2829 599 2882 Parrus
629 2837 725 2881 autern
755 2828 835 2880 Lnon
865 2836 894 2880 et
925 2824 987 2899 ipse
1014 2827 1194 2882 Florentium
1220 2827 1289 2884 artis
1313 2829 1436 2885 Medicas

356 2936 361 2948 '
437 2928 643 3004 peritissimus,
664 2940 693 2983 et
715 2929 745 2983 in
764 2927 865 2984 litteris
883 2927 1068 3002 politioribus
1092 2948 1152 2984 non
1173 2930 1358 2987 mediocriter
1378 2951 1431 2987 ex·

310 3553 427 3622 Jo.Bap-

283 3621 376 3674 tr'staA

285 3707 339 3740 nus.

438 3034 550 3102 cultus,
574 3031 775 3105 variarumque
793 3049 890 3087 rerum
911 3031 1074 3106 cognitione
1095 3032 1200 3088 nobilis
1218 3032 1249 3087 in
1269 3044 1349 3088 tanta
1370 3033 1431 3090 dis-

437 3135 582 3211 plinarum
605 3135 730 3210 peritia,
753 3135 880 3190 aduersae
900 3135 986 3190 sortis
1007 3134 1217 3191 inclementiam
1240 3136 1349 3192 euitare
1372 3157 1433 3193 non

437 3239 553 3314 potuit;
577 3239 675 3295 furore
693 3240 768 3294 enim
791 3239 918 3314 quodam
940 3249 1095 3312 corruptus
1117 3250 1220 3312 sponte
1239 3239 1270 3294 in
1290 3240 1435 3296 altissimae

438 3362 521 3417 aquae
534 3354 654 3417 puteum
671 3343 793 3413 desiliit,
815 3354 903 3417 atque
916 3343 956 3398 ita
968 3359 1072 3417 genere
1092 3341 1192 3396 mortis
1206 3342 1382 3414 miserrimo,
1403 3355 1434 3400 et

436 3447 500 3505 siro
526 3447 682 3521 praesertim
701 3447 888 3522 Philosopho·
900 3444 1098 3520 indignissimo
1119 3443 1214 3518 periit.

476 3553 522 3606 Ita
536 3562 565 3605 ct
576 3553 703 3606 loannes
717 3553 858 3606 Bsrrrsrs
881 3552 1010 3604 Asamus
1022 3591 1030 3616 ,
1046 3549 1189 3604 Bernardi
1203 3549 1362 3604 Florentini
1376 3549 1436 3606 viri

376 3621 529 3728 lb‘l'filius,
548 3654 644 3729 legum
660 3653 782 3728 peritia,
803 3667 831 3710 et
852 3655 972 3709 aliarum
991 3651 1204 3725 disciplinarum
1225 3652 1327 3708 studiis
1346 3651 1434 3707 nobi-

438 3758 555 3827 litatus,
585 3758 623 3812 ab
646 3775 739 3832 eaque
760 3758 932 3832 Apostolicoe
957 3756 1143 3813 Cancellarioe
1164 3758 1267 3810 llec'tor
1286 3755 1439 3810 adhibitus

439 3873 521 3916 aetate
546 3861 641 3917 adhuc
664 3860 803 3933 florente,
828 3873 862 3916 ut
892 3861 943 3935 qui
963 3861 1010 3915 vix
1041 3859 1174 3932 quintum
1202 3870 1230 3914 et
1255 3858 1437 3934 trigesimum

439 3982 547 4020 annum
565 3966 724 4037 explesset,
744 3981 854 4020 summa
875 3961 1014 4019 modestia
1032 3973 1118 4034 atque
1137 3961 1221 4016 etiarn
1239 3979 1299 4017 non
1320 3961 1437 4035 vulgari·

439 4067 593 4142 prudentia
604 4067 735 4137 habitus,
757 4085 824 4142 erga
842 4084 940 4122 omnes
955 4065 1025 4120 verb
1044 4063 1184 4138 imprimis
1198 4061 1438 4132 officiosissimus,

439 4170 476 4226 eb
497 4169 522 4227 is
545 4170 664 4227 adactus
684 4181 727 4227 est
738 4211 747 4243 ,
769 4189 837 4226 casu
856 4170 952 4226 nescio
975 4187 1056 4244 quo,
1076 4180 1109 4224 ut
1134 4167 1262 4242 quodam
1282 4165 1329 4221 die
1346 4164 1438 4241 plani·
