3202 5168
426 427 464 492 34
640 469 642 473 -
672 417 793 488 J‘omms
812 429 908 504 Pmmj
930 431 1112 502 Virunum,
1132 451 1170 490 on

426 551 543 638 magias
563 559 677 616 diuitias
698 571 834 630 euectus,
858 560 953 615 multis
976 561 1054 634 apud
1075 557 1271 632 nosofficiis,
1294 561 1324 618 id
1344 564 1416 621 certi

427 685 527 722 census
545 683 650 720 nomen
669 667 769 719 Romoe
786 663 816 717 in
834 663 945 718 bonore
959 663 1098 733 habetur,
1126 665 1218 720 clarus
1234 665 1395 722 habebatur
1404 683 1418 737 ,·

405 768 537 853 ,iuuenis
558 766 672 840 quidem
700 757 831 839 elegans,
863 776 891 819 et
908 765 1106 821 formosissimi
1128 768 1257 841 corporis
1282 770 1414 842 proceri·

426 881 484 926 tate
508 868 635 944 insignis·
659 871 706 937 Is,
733 867 776 922 uti
797 886 866 942 gens
889 885 922 922 ea
943 868 1025 923 valde
1051 868 1203 924 mulierosa
1228 881 1288 939 est,
1313 873 1413 946 puellae

425 973 596 1042 cuiusdam,
625 981 652 1025 et
683 968 776 1025 forma
806 968 947 1042 quidem,
979 950 1174 1044 etpudieilia
1206 972 1330 1043 nobilis,
1361 973 1413 1046 sed

424 1077 463 1133 M
483 1072 603 1144 Antonij
614 1074 706 1128 Alteri
711 1072 725 1142 ',
744 1073 798 1126 ciri
810 1072 1064 1156 ‹Senatorz'j,patris
1078 1074 1137 1130 eius
1152 1076 1313 1130 celebritate
1326 1076 1412 1152 longe

424 1175 603 1253 insignioris,
624 1193 721 1231 amore
736 1187 885 1248 correptus
902 1187 959 1245 est,
975 1175 1098 1249 ciunque
1114 1176 1144 1230 in
1163 1176 1223 1232 dies
1242 1178 1332 1233 virtus
1351 1179 1411 1235 eius

424 1279 540 1334 faeminae
559 1277 663 1334 clarior
681 1279 870 1347 elucesceret,
887 1277 933 1332 ille
953 1295 1062 1332 morem
1079 1278 1170 1334 amori
1188 1297 1241 1334 suo
1260 1291 1410 1354 gesturus,

384 1376 388 1382 ¹
424 1379 574 1437 datfidem
594 1397 715 1434 uxorem
728 1378 781 1434 sibi
799 1362 963 1447 ferebam,
987 1379 1070 1452 eique
1088 1380 1207 1434 solemni
1221 1381 1411 1454 desponsione

423 1485 519 1558 puella
541 1482 698 1538 dedicatur.
734 1480 823 1535 Paulo
846 1492 912 1554 post
938 1479 1034 1536 olfecit
1057 1491 1139 1554 pater
1164 1501 1300 1556 sponsum
1325 1486 1411 1541 sacris

425 1585 493 1641 olim
511 1584 671 1653 initiatum,
694 1602 787 1657 neque
806 1584 895 1638 ullum
922 1601 982 1638 esse
1003 1601 1086 1656 posse
1109 1585 1216 1659 nuptiis
1238 1587 1350 1656 locum,
1371 1589 1424 1643 'in'

423 1705 562 1744 summam
582 1686 722 1742 adductus
744 1685 979 1753 sollicitudinem,
1000 1685 1065 1740 cirm
1080 1697 1111 1740 ‘et
1125 1685 1200 1757 sibi,
1219 1699 1246 1742 et
1265 1685 1327 1743 filiae
1342 1689 1411 1745 'illu-

423 1809 487 1846 sum
509 1808 562 1864 per
581 1807 718 1844 summam
738 1787 923 1862 ignominiam
943 1787 1073 1859 videret,
1094 1790 1208 1860 multis,
1231 1801 1259 1845 et
1270 1781 1408 1866 magnis,

422 1904 456 1948 ut
480 1910 533 1966 par
557 1902 635 1962 erat,
665 1888 800 1945 molestiis
819 1888 1031 1945 afflictusrem
1051 1891 1143 1947 defert
1168 1893 1205 1948 ad
1231 1893 1418 1949 Leonardum'

425 1995 607 2052 Cardinolem
643 1995 821 2063 Roboreum,
858 1993 909 2066 qui
943 2004 1011 2048 tunc
1047 1995 1164 2050 absente
1198 1997 1275 2051 Iulio
1310 2001 1411 2053 Romae

422 2100 546 2170 Legatos
567 2107 645 2165 erat,
669 2095 759 2171 magis
780 2106 813 2150 ut
833 2095 869 2150 ab
890 2114 924 2150 eo
943 2095 1092 2150 eonsilium
1107 2109 1246 2171 caperet,
1266 2099 1353 2173 quam
1376 2111 1410 2155 ut

421 2199 554 2254 iniuriam
574 2197 672 2254 ulcisci
697 2192 894 2253 meditaretur.
920 2197 1143 2271 comprenditur
1162 2201 1410 2280 Leonardi¹“iussu

425 2304 590 2372 Valdesias,
618 2301 698 2356 etin
727 2302 871 2357 Hadriani
899 2302 1004 2358 molem
1026 2300 1125 2374 capitis
1152 2321 1218 2358 reus
1233 2305 1406 2360 includitur.
1444 2316 1447 2322 '

421 2406 474 2462 Ille
493 2417 551 2462 tam
570 2423 667 2460 amore
687 2404 833 2478 perditus,
854 2403 942 2477 quim
960 2404 1023 2458 ritae
1040 2405 1168 2478 periculo
1187 2406 1407 2480 perterrefactus

422 2507 621 2563 abdicaturum
652 2525 681 2562 se
710 2506 894 2576 sacerdotio,
930 2507 954 2562 si
985 2525 1037 2581 per
1066 2526 1211 2564 summum
1242 2508 1406 2564 Pontificem

421 2610 518 2680 liceat,
539 2621 567 2665 et
586 2609 710 2683 puellam
720 2609 771 2663 ¹rel
786 2608 944 2665 indotatam
963 2609 1117 2665 ducturum
1136 2609 1295 2684 pollicetur.
1312 2613 1407 2684 Atque

422 2711 462 2768 ita
482 2712 687 2786 sponsoribus,
706 2711 884 2784 radibusque
905 2711 992 2781 datis,
1014 2729 1047 2766 ea
1062 2712 1225 2767 conditione
1245 2712 1405 2770 dimittitur.

421 2814 540 2870 Interim
567 2815 636 2870 dum
661 2813 721 2869 eius
747 2813 834 2868 veniae
868 2812 995 2888 diploma
1025 2813 1042 2868 a
1070 2814 1146 2869 Julio
1171 2813 1329 2886 Pontifices,
1357 2814 1407 2888 qui

420 2928 490 2973 tunc
509 2921 656 2973 Rauennoe
678 2917 876 2986 consederat,
908 2926 1112 2990 exspectatur,
1144 2918 1292 2973 Valdesius
1314 2936 1408 2992 neque

420 3011 542 3076 libenter
563 3020 743 3090 sacerdotiis,
767 3039 829 3093 quae
850 3020 985 3092 opulenta
1006 3031 1087 3074 erant
1098 3061 1107 3089 ,
1127 3019 1260 3074 abdicare
1281 3020 1405 3094 cogitat,

419 3141 514 3196 neque
535 3122 662 3198 perferre
680 3141 709 3178 se
727 3141 871 3192 amorem,
891 3123 976 3178 ctiam
993 3122 1016 3177 si
1032 3122 1149 3196 impune
1169 3121 1266 3192 liceat,
1287 3123 1405 3178 ulterius

420 3237 524 3300 sperat.
545 3225 639 3301 Igitur
659 3226 723 3281 crim
741 3226 771 3280 id
792 3204 900 3298 consilij
925 3243 954 3280 se
976 3224 1081 3298 cepisse
1102 3224 1227 3293 rideret,
1245 3224 1325 3298 quod
1345 3244 1407 3281 non

419 3327 501 3383 facile
521 3339 634 3402 poterat
665 3329 829 3402 explicare,
848 3327 990 3402 *grauiore
1004 3355 1008 3360 ·
1020 3328 1062 3382 ob
1082 3327 1111 3382 id
1138 3328 1237 3382 dolore
1262 3327 1406 3397 affectus,

410 3417 501 3504 ¹qubd
532 3431 718 3506 pudicissimae
747 3431 863 3487 laminae
895 3430 1020 3500 famam,
1054 3441 1082 3485 et
1114 3430 1260 3485 fortunam
1292 3449 1406 3486 omnem

420 3544 583 3603 euerterat,
616 3534 639 3589 si
662 3534 774 3608 repudij
806 3535 939 3588 nuntium
962 3533 1135 3602 remisisset,
1166 3533 1275 3608 magnis
1300 3552 1404 3588 excru-

420 3636 509 3692 ciatus
529 3637 783 3705 sollicitudinibus,
804 3634 1054 3708 misericordiaque
1071 3645 1100 3689 et
1115 3634 1226 3707 pudore
1240 3633 1403 3703 consectus,

418 3750 452 3794 ut
478 3751 539 3794 erat
561 3740 674 3795 aestiuus
697 3739 777 3809 dies,
801 3738 966 3793 turriculam
986 3736 1130 3810 quandam
1151 3737 1189 3790 ad
1219 3747 1404 3809 prospectum

418 3859 506 3914 super
531 3842 634 3897 aedium
656 3842 768 3897 culmen
786 3841 935 3896 excitatam
959 3839 1109 3896 distinctus
1135 3839 1228 3894 adhuc
1252 3837 1404 3908 ascendit,

418 3943 501 4016 quasi
526 3944 721 3998 matutinalem
750 3959 849 3998 auram
877 3941 1047 3998 strictiorem
1075 3940 1161 3997 animi
1181 3940 1272 4015 gratia
1303 3952 1402 4014 capta·

418 4055 529 4113 turus,
561 4047 731 4119 servuloque
763 4064 831 4101 mox
861 4045 967 4120 negotij
1002 4043 1070 4100 certi
1105 4043 1220 4099 nomine
1250 4043 1402 4118 ablegato,

418 4148 526 4204 nullam
556 4148 640 4204 aliam
673 4148 814 4206 rationem
845 4160 966 4219 nactus,
1000 4167 1058 4224 qua
1091 4165 1121 4206 se
1155 4145 1404 4204 turbulentissimis
