3202 5168
429 415 468 481 24
616 493 618 498 ,
670 430 792 494 tornius
812 425 914 503 Pararj
936 430 1117 502 Vinnium,
1140 449 1184 489 on

428 555 516 615 tintus
537 597 546 628 ,
571 567 607 641 et¹
629 555 660 614 in
682 556 960 633 augustinianorum
993 559 1205 618 Heremitarum
1231 563 1359 622 clarestra
1379 561 1424 621 iu·

428 661 523 719 clusus
554 660 631 716 intra
658 661 844 737 paucissimos
874 662 962 734 dies,
993 661 1166 720 intaminatae
1194 665 1311 738 junenis
1335 669 1424 742 vitae,

427 764 663 852 integerrimum,¹
690 764 964 841 pudicissimumqne
990 767 1117 822 animum
1140 770 1208 824 caelo
1233 769 1370 828 reddidit.
1406 807 1409 813 n

466 871 510 924 Ex
530 869 563 924 iis
583 879 700 938 autem,
729 889 803 942 quos
823 870 934 944 Patanij
963 871 1124 926 studiorum
1147 879 1285 928 nieorum
1303 874 1422 930 comites
1470 923 1473 928 ,

356 1049 359 1056 Ι
425 972 532 1042 bubni,
574 949 631 1027 tres
657 970 725 1035 mihi
751 972 894 1047 praecipue
924 985 952 1028 et
978 973 1118 1049 ingenio,
1148 987 1175 1030 et
1202 976 1346 1050 probitate
1371 967 1423 1033 ex·

427 1075 526 1131 cellere
547 1075 599 1131 visi
625 1086 711 1144 sunt,
735 1052 863 1149 quorum
883 1076 934 1158 qui
957 1076 1044 1132 fuerit
1067 1078 1178 1147 exitus,
1201 1079 1333 1136 audietis.

296 1172 416 1250 Νῐΰθζαω
470 1169 617 1248 Nnonns
650 1180 815 1246 Ancanrcus
849 1183 972 1236 Venetus
1008 1180 1251 1256 diligentissimam
1278 1182 1423 1239 bonarum

283 1241 531 1340 Angelm'artium
560 1269 662 1352 studiis
691 1301 819 1357 operam,
839 1295 1007 1340 nauauerat.
1043 1287 1118 1339 Nam
1148 1295 1177 1339 et
1209 1285 1424 1360 Philosophiam

425 1385 536 1459 Patanij
561 1384 770 1441 absolutissimi
798 1385 960 1454 didicerat,
995 1405 1088 1460 neque
1113 1405 1146 1442 ea
1172 1399 1325 1444 contentus
1348 1388 1423 1461 juris

425 1488 510 1550 etiam
542 1488 674 1563 peritiam
707 1487 918 1561 acquisiuerat,
951 1488 982 1542 in
1018 1507 1110 1562 eaque
1145 1487 1294 1564 disciplina
1325 1493 1422 1548 Romu

426 1591 626 1666 approbatus,
652 1592 807 1663 laureaque
827 1590 868 1644 ibi
895 1591 1080 1660 honestatus,
1104 1591 1134 1646 in
1157 1592 1281 1666 patriam
1304 1593 1341 1649 ad
1366 1594 1423 1650 fori

424 1695 541 1771 negotia
571 1713 601 1750 sc
626 1684 798 1778 contulerat
833 1694 893 1751 Sub
924 1695 1050 1768 primum
1078 1695 1230 1769 appulsum
1257 1707 1339 1770 patre
1364 1697 1424 1753 vita

425 1792 548 1869 functo,
582 1796 789 1867 familiaribus,
815 1808 903 1871 atque
931 1796 965 1852 iis
1000 1797 1117 1870 quidem
1149 1798 1352 1856 molestissimis
1380 1815 1423 1866 est

425 1901 523 1960 litibus
545 1900 716 1969 infestatus,
749 1899 854 1974 quihus
882 1900 951 1956 dum
976 1900 1054 1954 varie
1084 1900 1273 1972 distrahitur,
1300 1903 1422 1960 accidit,

425 2017 459 2066 ut
487 2005 540 2061 sub
569 2003 695 2080 primum
724 2004 817 2060 noctis
842 2005 1042 2078 crepusculum
1068 2005 1193 2060 tumultu
1224 2015 1289 2062 ante
1318 2005 1423 2064 aedium

424 2103 542 2176 suarum
569 2107 647 2164 fores
679 2107 801 2164 excitato
829 2107 846 2163 i
878 2107 1118 2183 percussoribus,
1153 2126 1228 2182 quos
1261 2109 1428 2183 aduersarii

424 2208 651 2280 summiserant,
683 2211 754 2266 dnm
782 2210 856 2266 aedes
880 2209 941 2285 ipse
967 2229 1033 2266 suas
1064 2210 1260 2282 defensurus,
1292 2212 1324 2267 in
1347 2231 1421 2287 quas

422 2314 463 2386 illi
486 2313 699 2371 contendebant
719 2313 898 2388 irrumpere,
928 2313 1073 2383 animosus
1087 2315 1203 2388 juuems
1228 2315 1327 2372 stricto
1351 2333 1420 2373 ensa

423 2417 454 2474 in
474 2419 549 2474 viam
572 2434 665 2491 usque
688 2416 812 2487 mediam
833 2418 984 2493 procedit,
1012 2417 1098 2493 longe
1117 2419 1221 2492 majori
1248 2437 1284 2476 ox
1311 2397 1421 2476 insidiis

422 2520 573 2597 ingruente
602 2520 714 2588 turba,
745 2519 810 2575 chm
836 2539 911 2576 unus
936 2521 966 2575 in
992 2531 1036 2577 tot
1060 2519 1191 2578 sufficere
1213 2540 1273 2578 non
1298 2534 1419 2596 posset,

422 2623 517 2681 multis
552 2623 619 2679 hinc
653 2622 720 2678 inde
755 2621 921 2678 vulneribus
957 2623 1122 2694 laceratus,
1160 2636 1272 2696 resecto
1302 2625 1418 2681 demum

336 2715 339 2720 ¹
421 2737 589 2784 transuerso
602 2724 662 2781 ictu
681 2725 797 2782 faemore
818 2725 1017 2788 miserabiliter
1039 2728 1231 2790 occumberet.

461 2832 502 2887 Ut
525 2829 615 2899 verb,
641 2847 704 2903 qnae
725 2828 921 2893 recentissima
944 2841 1034 2898 sunt,
1062 2849 1304 2899 commemorem,
1332 2830 1420 2888 huius

283 2931 452 3011 dierstenses
481 2933 592 3002 socius,
622 2943 649 2988 et
675 2930 889 2987 contubernalis
916 2932 1081 3002 Msrrneus
1109 2935 1266 3002 Anninus,
1299 2944 1327 2988 et
1356 2933 1421 3007 ipse

268 2999 383 3050 ‘mmm'
425 3040 547 3094 Venetus
563 3035 594 3090 in
613 3046 675 3090 arte
689 3033 800 3092 medica
819 3033 1023 3108 peritissimus,
1049 3053 1084 3090 ex
1103 3054 1161 3110 qua
1182 3036 1419 3110 locupletissimas

423 3139 792 3212 diuitias'comperanerat,
823 3154 955 3212 magnam
979 3138 1100 3212 adeptus
1129 3139 1328 3196 auctoritatem
1358 3151 1418 3195 tam

421 3261 458 3300 ex
480 3241 569 3318 ipsius
588 3241 657 3298 artis
679 3240 813 3312 scientia,
838 3243 926 3315 qnam
950 3259 985 3297 ex
1008 3240 1246 3316 incomparabili,
1270 3261 1328 3317 qua
1354 3254 1417 3299 erat

422 3346 536 3422 egregie
564 3344 699 3420 praeditus
729 3345 918 3420 integritate,
952 3363 987 3400 ex
1006 3364 1096 3401 uxore
1116 3345 1299 3420 pudicissima
1320 3345 1415 3410 admi—

422 3449 519 3507 randae
540 3447 643 3505 indolis
661 3447 751 3504 filiurn
769 3459 951 3524 susceperat,
968 3448 1080 3522 dequo
1099 3449 1164 3503 crim
1182 3463 1262 3522 spem
1277 3449 1415 3523 optimam

423 3543 618 3626 concepisset,
646 3561 674 3606 et
695 3551 733 3606 ad
753 3552 845 3609 bonas
867 3560 942 3606 artes
959 3549 1096 3606 idoneum
1114 3551 1312 3624 comperisset,
1331 3551 1417 3625 isque

422 3656 499 3711 ultra
531 3654 618 3728 quarn
659 3653 828 3728 puerilitatis
866 3653 934 3708 anni
970 3651 1046 3707 ferre
1080 3647 1273 3722 viderentur,
1314 3652 1414 3727 prose-

422 3757 526 3827 cisset,
548 3754 685 3812 subitaria
701 3755 732 3812 in
752 3775 818 3812 eum
837 3765 984 3830 grassante
1004 3752 1096 3823 febri,
1118 3753 1301 3812 acerbissimo
1321 3755 1415 3811 elatus

422 3860 522 3919 itinere
557 3872 669 3934 patrem
708 3858 739 3913 in
777 3877 840 3914 eam
877 3856 999 3931 conjecit
1039 3857 1147 3913 doloris
1178 3856 1263 3928 vim,
1301 3868 1335 3912 ut
1375 3876 1412 3916 ex

421 3974 561 4037 concepta
585 3962 653 4018 inde
680 3962 810 4018 maestitia
838 3961 936 4036 paucis
970 3970 1036 4034 post
1066 3960 1186 4029 diebus,
1220 3960 1284 4015 chm
1316 3959 1413 4016 dolori

422 4065 553 4126 resistere
579 4084 639 4120 non
664 4077 786 4139 posset,
815 4064 985 4138 assidueque
1012 4061 1075 4134 ejus
1107 4061 1221 4126 funeris,
1244 4062 1411 4138 cogitationi

422 4168 635 4236 inhaererent,
655 4186 750 4241 neque
767 4167 859 4224 leuari
875 4163 1045 4242 aegritudine
1057 4176 1222 4241 pateretur,
1243 4183 1277 4222 ea
1296 4165 1413 4232 demum
