3200 5170
364 436 596 491 erreasroaust
616 433 832 490 lurnurerrrra.
875 428 937 486 Lib.
959 429 999 485 11.
1130 417 1170 484 48

178 577 231 636 per
243 560 340 618 fratris
354 561 448 618 studia
462 571 653 629 successerat,
670 559 802 635 iugenio,
823 569 852 614 et
866 555 1027 614 eruditione
1043 573 1170 612 summus

178 664 238 738 ipse
256 683 374 738 quoque
392 663 478 745 breui
488 663 623 734 futurus,
642 663 697 736 nisi
712 662 782 718 dum
794 661 937 718 bonamm
950 660 1056 717 artium
1069 657 1172 715 studiis

179 781 298 839 operam
319 767 425 836 dabat,
455 765 636 840 pestilentia,
666 784 728 838 qun
747 765 845 820 Romae
870 762 1077 819 desolationem
1099 759 1168 817 sub*

179 880 276 924 secuta
297 880 358 938 est,
387 868 562 943 interceptus
586 879 678 937 esset,
702 885 762 922 nou
784 878 842 922 tam
866 867 913 921 ille
933 864 1051 939 quidem
1075 864 1172 920 Poetis

179 972 267 1045 qu'am
281 971 366 1027 etiam
378 970 609 1039 Iurisconsulus,
623 969 653 1024 in
667 987 793 1043 qnorum
808 979 900 1025 castra
914 967 1169 1043 commigrauerat‚

179 1073 292 1130 assidue
318 1073 532 1131 desiderandus.
559 1073 671 1128 Horum
700 1083 796 1127 sutem
815 1083 898 1145 pater
917 1073 1011 1126 Lucas
1033 1071 1174 1127 Tardohrs

178 1176 298 1233 honesta
316 1176 480 1232 conditione
500 1176 563 1246 vir,
583 1177 696 1232 inerte
714 1175 837 1231 Meth'cn'
853 1173 989 1244 celebris,
1014 1185 1043 1229 et
1060 1173 1099 1229 oh
1122 1171 1176 1228 in-·

179 1279 358 1354 tegritatem,
380 1289 408 1334 et
426 1279 608 1336 suauissimus
622 1293 723 1336 'mores
737 1295 796 1333 non
816 1279 963 1353 vulgarem
978 1275 1056 1352 apud
1071 1287 1177 1333 omnes-

119 1455 121 1460 .
177 1381 300 1458 'gratiam
318 1381 453 1456 adeptus,
475 1379 561 1454 quot,
581 1389 611 1436 et
630 1381 744 1455 quantis
758 1379 935 1437 miseriarum
952 1379 1083 1450 casibus,
1098 1387 1171 1454 quot

178 1483 282 1558 iniquae
300 1483 422 1540 fortunae
444 1484 506 1540 telis
526 1484 685 1558 impetitus,
704 1484 792 1559 quim
813 1484 918 1540 misero
934 1485 1051 1540 demum
1070 1482 1171 1538 mortis

179 1587 284 1662 genere
298 1586 444 1644 sublatus?
457 1587 532 1643 Nam
548 1598 582 1642 ut
596 1587 809 1644 acerbissimum
821 1589 994 1644 Bartolomei
1005 1584 1054 1660 filij
1070 1585 1156 1642 funus
1160 1623 1169 1656 ,

179 1699 208 1746 et
225 1688 407 1745 incommoda
428 1690 502 1760 elia,
521 1703 718 1763 aerumnasque
738 1699 801 1745 toto
822 1689 886 1744 vitae
906 1707 994 1746 cursu
1014 1690 1170 1748 exantlatas

179 1791 363 1850 dissimulem.
399 1793 476 1863 Quid
501 1793 550 1848 illa
581 1805 640 1849 tam
665 1804 748 1849 atrox
772 1793 934 1863 calamitas,
965 1813 1028 1868 quae
1052 1793 1170 1869 repenti

178 1891 298 1950 Romam
317 1893 472 1970 oppressit,
488 1916 551 1970 quae
569 1899 709 1952 unicum
727 1896 873 1971 plerisque
886 1897 947 1953 aliis
961 1897 1038 1952 hunc
1052 1902 1170 1971 'quoque

180 2014 245 2052 cum
274 1997 408 2055 uniuersa
438 1999 544 2054 familia
573 1999 708 2056 deleuit?
734 1999 909 2055 quadentes
940 2001 1016 2056 enim
1047 2000 1078 2055 in
1109 1996 1170 2056 eius

180 2100 298 2156 domum
320 2102 462 2176 Hispani,
496 2102 559 2158 esim
584 2101 716 2158 fortunas
743 2121 842 2158 omnes
869 2101 1072 2177 diripuissent,
1102 2115 1175 2157 mox·

179 2203 217 2259 ad
238 2200 419 2259 familiarium
443 2204 571 2260 omnium
591 2199 714 2279 corpora
741 2205 904 2278 torquenda
929 2204 1061 2260 conuersi
1081 2215 1169 2274 sunt,

181 2317 228 2376 ut,
251 2305 274 2362 si
294 2302 351 2380 qua
371 2308 512 2364 occultata
529 2319 621 2375 essent
642 2308 858 2382 proferrentur,
871 2307 1017 2381 'nulloque
1032 2309 1063 2362 in
1082 2303 1177 2363 domo‘

180 2420 209 2464 et
231 2409 342 2483 parca,
359 2420 392 2464 'et
415 2409 531 2466 minime
552 2412 714 2486 locuplete,
738 2411 830 2480 au'ro,
853 2421 1011 2487 argentone
1035 2419 1168 2484 reperto,

180 2511 217 2566 ad
240 2506 339 2566 senem
360 2513 581 2568 excruciandum
608 2513 733 2588 aggressi
759 2507 851 2584 sunt,
881 2501 1005 2588 eumque
1027 2513 1064 2569 ad
1089 2509 1170 2586 putei

180 2615 338 2683 trocleam,
366 2612 434 2668 fune
454 2616 586 2672 manibus
610 2627 677 2690 post
699 2627 780 2692 terga
804 2611 940 2673 reuinctis
965 2609 1175 2693 adalligatum,

178 2715 243 2773 crim
260 2737 393 2790 sursum,
414 2720 606 2794 deorsumque
625 2719 760 2779 iactatum
782 2721 1028 2778 inclementissimi
1050 2733 1169 2795 torque-

179 2831 257 2890 rent,
277 2821 393 2892 accidit,
414 2834 447 2878 ut
463 2823 508 2878 vel
529 2823 652 2892 troclea,
669 2824 714 2878 vel
730 2823 806 2880 funis
826 2825 1064 2900 abrumperetur,
1082 2835 1169 2900 atque

177 2921 218 2978 its
232 2942 318 2978 senex
338 2924 543 2980 infelicissimus
561 2926 591 2979 in
610 2938 730 2998 puteum
745 2944 882 2982 corruens
901 2945 935 2982 ea
956 2939 998 2982 est
1012 2945 1088 3002 aqua
1109 2918 1169 2983 suf-

178 3025 308 3096 focatus,
328 3046 403 3082 uxor
420 3038 447 3082 et
467 3025 516 3101 filij
537 3028 687 3084 tenerioris
708 3028 797 3085 aetatis
815 3047 926 3084 summa
942 3029 972 3084 in
987 3030 1168 3086 mendicitate

179 3127 324 3191 derelicti.
340 3147 506 3203 quenquam
521 3129 657 3204 Hispani,
678 3140 711 3185 ut
723 3129 863 3186 inuidiam
885 3132 1044 3203 declinent,
1061 3136 1167 3190 Lucam

178 3230 259 3285 aiunt
280 3231 365 3287 variis
387 3224 597 3287 tormentorum
626 3221 782 3308 generibus¹
802 3228 1013 3307 excruciatum,
1039 3239 1104 3292 enm
1128 3237 1177 3293 eis³

178 3334 335 3390 tolerandis
363 3334 455 3409 impar
482 3347 583 3404 esset,
615 3347 718 3410 sponte
744 3353 773 3392 se
797 3337 830 3392 in
857 3347 976 3412 putenm
999 3336 1176 3410 humisine,

177 3447 264 3510 atquc
292 3436 332 3514 ita
356 3449 449 3493 morte
476 3431 637 3493 voluntaria
663 3456 693 3493 se
718 3438 755 3494 ab
778 3439 970 3514 Hispanorum
1000 3439 1175 3498 crudelitate¹

177 3539 343 3595 vindicasse.

215 3643 273 3698 Sua
287 3633 406 3716 quoque¹
417 3621 580 3700 infelicitate
594 3662 747 3719 oppressus
761 3656 803 3701 est
815 3647 1167 3704 nassonem-Permane
1178 3663 1324 3714 loannem,

176 3747 258 3799 Rom.
282 3743 374 3813 ciuis,
402 3747 447 3800 vir
470 3745 577 3819 optimi
602 3746 768 3817 litteratus,
796 3759 824 3803 et
845 3747 1034 3823 Philosophiae
1065 3731 1324 3807 studiis'Palmm

177 3847 285 3914 clarus,
307 3847 408 3920 utpote
428 3848 524 3922 quiet
548 3849 634 3920 Pisis,
653 3862 681 3905 et
703 3852 818 3921 Romae,
837 3870 870 3906 ea
887 3852 1001 3926 puhli'te
1021 3853 1167 3927 professus

177 3960 256 4018 erat,
277 3950 500 4026 ambiguumque
520 3952 663 4023 faciebat,
692 3965 788 4009 utrum
811 3956 903 4030 magis
923 3957 1104 4028 eruditione,
1130 3977 1168 4014 an

177 4053 340 4125 eloquentia
359 4055 517 4127 praestaret.
531 4057 580 4125 Is,
602 4057 667 4112 etim
684 4056 763 4130 apud
784 4057 970 4114 clarissimum
986 4061 1175 4118 Cardinulcm'

177 4155 327 4211 Moenum
359 4157 537 4230 flodulpltum
565 4158 595 4214 in
627 4159 738 4216 honore
768 4160 943 4233 haberetur,
973 4153 1070 4221 triduo
1101 4169 1177 4221 an'te‘
