3186 5166
378 375 612 430 erraaaronurr
630 373 849 430 Inmatura-nir.
888 372 953 429 Lib:
974 375 1015 430 11.
1154 366 1190 440 61

199 511 385 578 perseuerat,
405 497 612 569 mendicitatis,
638 509 666 554 et
691 498 855 573 imposturae
881 500 997 556 demum
1024 500 1192 571 conuictus,

198 603 410 680 impietatisque
430 603 599 673 damnatus,
623 602 654 657 in
674 602 776 672 urbis,
796 619 884 676 quam
902 600 1073 676 deceperat,
1097 603 1193 659 medio
1284 639 1285 644 κ

197 727 265 764 curu
279 705 390 764 asseclis
405 705 516 780 aliquot
535 715 732 761 concrematus
752 714 804 760 est.
819 703 876 760 Hic
894 707 1039 762 Mecinus.
1064 706 1192 762 Carsium

198 829 277 868 nuuc
293 809 394 866 audire
407 807 505 878 velim,
524 808 619 882 quise
635 823 753 882 quoque
765 823 899 883 magnam
919 807 1112 866 litteratorum
1126 827 1191 864 car·
1225 791 1227 795 ι

198 911 344 968 cilicinam
364 910 519 986 inspexisse
538 889 607 967 dicit
621 909 705 966 :huic
720 910 809 984 igitur
829 909 943 966 dicendi
959 921 1055 985 partes
1071 911 1191 968 deman-

198 1017 323 1086 demus,
348 1027 377 1072 et
401 1033 467 1070 cum
487 1033 573 1090 nemo
597 1033 632 1071 eo
652 1013 785 1072 libentids
814 1015 972 1088 loquatur,
995 1025 1110 1088 praestet
1130 1015 1191 1089 ipse

197 1119 339 1194 linguam,
352 1137 406 1174 nos
424 1135 507 1173 aures
520 1116 813 1201 adcommodabimus.
829 1116 937 1172 Conon.
955 1118 1041 1173 Recti
1053 1117 1191 1176 admones

197 1222 389 1291 Petroroncti,
403 1239 471 1276 narn
487 1232 515 1276 et
529 1220 590 1295 ipse
603 1220 747 1289 mirabar,
768 1239 819 1276 cnr
833 1220 942 1276 tamdiu
958 1231 1052 1276 tacere
1071 1232 1190 1294 posset,

197 1335 226 1380 et
250 1335 391 1398 quantum
414 1324 444 1378 in
464 1342 510 1378 me
530 1335 591 1380 erat
603 1363 612 1393 ,
635 1321 819 1378 libentissimi
842 1323 981 1397 loquendi
1009 1323 1122 1398 copiam
1150 1325 1190 1380 illi

156 1473 159 1477 .
196 1427 290 1482 farere
309 1424 479 1502 cogitabam.
501 1427 634 1484 Cunsrus.
653 1429 716 1502 Ego
737 1426 807 1482 verb
825 1425 907 1483 vobis
925 1427 1110 1500 loquentibus
1132 1447 1191 1483 ser·

140 1573 146 1591 .
195 1549 311 1586 monem
332 1532 504 1605 abrumpere
523 1547 671 1606 aggressus
691 1530 807 1586 essem?
834 1531 903 1606 Non
924 1547 987 1585 sum
1009 1541 1067 1586 tam
1092 1530 1190 1605 impu-

195 1635 287 1704 dens,
308 1651 403 1709 neque
423 1645 481 1688 tam
501 1633 678 1708 imprudens.
760 1679 762 1681 .

234 1737 451 1810 sedquoniam
476 1755 521 1792 me
547 1737 641 1793 dicere
662 1736 826 1810 imperatis,
853 1756 953 1793 eorum
975 1756 1081 1812 sequar
1101 1755 1190 1816 argu-

194 1852 343 1914 mentum,
366 1841 447 1914 quod
467 1841 529 1914 jam
553 1840 583 1894 in
606 1851 745 1914 promptu
766 1850 826 1911 est,
852 1841 888 1896 de
904 1841 964 1911 his,
988 1841 1039 1916 qui
1062 1829 1190 1897 violento

159 1961 160 1966 ¹
194 1943 295 2022 mortis
322 1962 427 2018 genere
456 1945 562 2000 sublati
592 1955 678 2013 sunt,
711 1962 836 2017 quorum
863 1943 923 1998 duo
950 1944 1020 2000 mihi
1047 1945 1190 2020 praecipui

192 2047 313 2122 indigna
327 2048 403 2121 passi
418 2047 567 2117 videntur,
585 2050 777 2118 Pauuocruus
796 2046 989 2117 Pisaurensis,
1009 2058 1037 2102 et
1054 2047 1191 2120 Cynthius
1226 2059 1345 2110 Pandul.

193 2151 415 2220 ΑιιεοιιίιαηιιεςΙ
435 2150 624 2224 Pandulplrus
648 2149 724 2206 enim
747 2168 807 2205 non
830 2149 1051 2223 jurisconsultus
1079 2125 1270 2206 mummulu-

190 2253 407 2323 scientissimus,
428 2272 528 2308 verum
548 2264 578 2308 et
597 2253 627 2307 in
646 2251 829 2326 politioribus
849 2252 964 2324 litteris,
986 2265 1014 2308 et
1034 2253 1189 2328 disciplinis

190 2366 339 2425 versatus,
360 2355 457 2429 aliqua
470 2355 597 2432 iugenij,
620 2367 648 2411 et
662 2353 831 2414 eruditionis
848 2338 904 2412 suae
918 2369 1104 2414 monumenta
1118 2377 1189 2432 pos-

192 2457 299 2514 teritati
321 2459 441 2534 legenda
461 2460 630 2534 reliquerat,
655 2461 713 2518 Sed
735 2459 835 2516 incidit
854 2460 878 2516 is
901 2461 997 2516 iures
1022 2460 1133 2532 nouas,
1160 2473 1189 2517 et

191 2579 299 2631 rerum,
319 2580 382 2636 quae
400 2562 454 2618 sub
470 2563 621 2618 Valentino
642 2564 758 2619 Coesare
775 2573 945 2634 euenerunt,
965 2563 1187 2635 vicissitudines,

97 2731 100 2738 ,
190 2676 399 2739 suspectusque
415 2666 557 2740 Princzpi,
574 2667 655 2740 quod
675 2665 802 2722 aduersae
820 2662 952 2723 sardonis
973 2679 1062 2738 esset,
1082 2669 1187 2742 laqueo

190 2765 279 2821 vitam
300 2764 382 2822 linire
399 2768 506 2841 jussus.
1049 2845 1051 2852 y

235 2871 445 2942 Ancourranus
466 2871 535 2926 verb
560 2872 712 2928 Crnrurus
740 2873 868 2946 poeticis
881 2873 981 2930 studiis
1004 2875 1088 2931 valdi
1110 2877 1186 2932 cele·
1221 2867 1346 2948 Gymnas

189 2973 263 3042 bris,
282 2969 399 3047 acrique
417 2985 445 3028 et
460 2974 582 3048 eleganti
593 2975 709 3049 ingenio
721 2975 874 3049 praeditus,
891 2969 1030 3032 Matthice
1041 2979 1188 3049 Pannonij
1198 2935 1345 3052 'zanunim-
1386 3003 1388 3008 ·

189 3076 273 3148 Rogas
292 3075 444 3130 amicitiam
465 3088 680 3150 promeruerat,
701 3071 800 3150 i'quo
819 3079 929 3153 magnis
946 3080 1113 3136 honestatus
1134 3082 1187 3154 bo-

190 3177 311 3232 noribus
333 3188 361 3232 et
387 3171 486 3246 donis,
498 3172 673 3251 ¹praeclaram
691 3173 794 3253 agebat
812 3180 920 3250 vitam,
944 3199 1037 3255 eoque
1055 3185 1186 3258 Principe
1281 3177 1283 3188 '

188 3279 248 3352 jam
269 3279 407 3340 defuncto
425 3281 585 3354 complures
605 3299 697 3336 anuos
715 3281 825 3336 vixerat
843 3282 1049 3340 honestissime.
1065 3264 1184 3341 Donnes·
1238 3279 1239 3282 ¹

189 3381 251 3438 ticis
272 3383 389 3438 demum
407 3382 537 3453 insidiis,
568 3393 595 3439 et
616 3382 711 3438 fratris
733 3384 861 3458 germani
882 3386 986 3440 scelere
1011 3387 1131 3460 asperi,
1156 3401 1184 3442 et

189 3483 292 3548 acerbi
309 3496 458 3544 accusatus
482 3486 560 3559 apud
582 3486 689 3542 Iulium
706 3488 967 3542 Secundum·Pont.
992 3489 1077 3542 Mau.
1103 3490 1183 3561 quod

185 3600 290 3643 contra
309 3588 491 3646 sacerdotum
513 3588 664 3664 imperium
687 3589 824 3658 sentiret,
847 3589 891 3643 vir
915 3589 1023 3664 alioqui
1048 3591 1183 3665 simplici-

187 3691 253 3746 tatis
283 3691 495 3766 integerrimae,
526 3709 636 3746 summa
665 3676 731 3746 curn
757 3691 904 3767 diligentia
929 3703 1058 3766 captus,
1093 3704 1121 3748 et
1151 3693 1182 3749 in

187 3793 336 3850 Phanensi
355 3811 421 3848 arce
447 3804 589 3867 perpetuo
614 3811 727 3849 carcere
757 3794 963 3850 condemnatus
989 3794 1077 3850 vitam
1098 3795 1182 3852 mise-

187 3895 316 3951 rabiliter
344 3896 436 3972 finiit;
460 3913 635 3970 quamquam
659 3883 719 3951 non
745 3895 899 3952 defuerunt
925 3907 953 3952 et
976 3897 1037 3952 aliae
1063 3899 1180 3954 calami-

187 4007 259 4053 tates
277 4039 285 4068 ,
302 4006 304 4011 “
322 4017 386 4072 quae
423 3999 477 4054 sub
506 4001 669 4056 Alexandri
703 4000 784 4056 Sexti
813 3999 1008 4056 dominatione
1036 3993 1203 4070 hominem

163 4076 331 4156 x-eutorreur
352 4102 504 4171 facerunt,
535 4113 563 4156 et
589 4101 742 4157 miserabili
766 4091 850 4158 exilio
873 4121 927 4177 per
952 4122 1043 4160 annos
1070 4105 1181 4180 aliquot

186 4202 249 4259 vitae
269 4203 396 4261 subsidia
409 4223 445 4261 ex
462 4204 620 4262 amicorum
633 4203 802 4262 liberalitate
821 4205 1000 4264 emendicare
1014 4213 1180 4284 coegerunt.
