3202 5168
426 386 464 443 28
677 388 808 442 Jornnrs-
819 385 916 458 Pmmj
937 388 1118 455 Varenum,
1139 405 1176 442 ns
1223 423 1228 430 ·

423 515 504 574 febre
523 514 635 572 circiter
652 513 802 591 trigesimo¹
817 513 880 570 vitae
903 532 979 571 anno
1000 512 1153 588 primarius
1171 510 1246 588 pene
1267 521 1349 568 aetate
1369 530 1420 570 sua

422 618 615 693 Philosophus
634 618 664 672 in
686 617 818 673 humanis
836 635 896 674 esse
919 615 1014 689 desijt.

462 725 564 797 Neque
586 721 655 777 verb
679 721 818 788 minorem
837 720 867 774 in
890 723 1002 776 Jorrme
1023 720 1121 776 Corra
1148 722 1309 776 Veronense
1327 721 1419 777 iactu-

422 845 484 884 ram
499 803 629 882 fecerunt
649 825 732 879 bonae
755 824 865 879 litterae.
884 823 1002 879 quenis
1018 827 1042 878 is
1065 824 1155 879 multa
1174 841 1272 878 rerum
1289 824 1419 880 omnium

422 929 586 1005 cognitione
609 926 760 1002 egregius,
785 925 999 1000 disciplinarum
1019 937 1183 1006 nostrarum
1205 946 1265 982 non
1282 927 1416 1002 ignarus,
1432 997 1433 1000 Ἴ

421 1032 694 1088 Mathematiearnm
709 1030 815 1104 optime
828 1029 937 1104 peritus
951 1070 960 1099 ,
982 1029 1013 1084 in
1032 1030 1184 1085 condendo
1198 1031 1267 1086 verb
1281 1034 1418 1088 Poemate

419 1135 587 1210 elegantiae,
613 1146 641 1191 et
670 1134 826 1190 venustatis
855 1135 1105 1208 incomparabilis,
1132 1135 1240 1208 quique
1265 1135 1417 1207 antiquum

420 1238 499 1292 illum
516 1239 644 1312 leporem
665 1249 746 1292 aetate
765 1248 865 1293 nostra
888 1255 1026 1292 reuocare
1049 1248 1180 1311 ceperat.
1217 1240 1246 1293 Is
1274 1238 1415 1311 inquam,

420 1341 500 1412 dum·
522 1341 642 1412 Viterbij
667 1341 745 1414 apud
777 1341 885 1396 Julium
917 1340 1082 1398 Secundum
1115 1338 1226 1414 magnis
1257 1340 1294 1395 de
1327 1340 1416 1395 rebus

421 1448 530 1502 Orator
552 1447 629 1520 agit,
652 1442 795 1519 pestilenti
820 1461 974 1518 oppressus
997 1443 1071 1498 febri
1093 1442 1207 1516 inipso
1233 1442 1323 1497 aetatis
1344 1441 1415 1498 flore

421 1549 543 1618 defecit,
569 1547 681 1621 seriptis
702 1546 761 1628 eius
788 1558 816 1601 et
835 1546 901 1615 hic,
928 1558 956 1602 et
975 1546 1031 1601 illic
1053 1563 1157 1620 magne
1175 1563 1210 1601 ex
1228 1556 1311 1619 parte
1333 1544 1415 1600 dissi-

420 1652 516 1726 patis,
539 1662 572 1707 ut
595 1669 690 1724 neque
712 1650 892 1724 posteritati,
920 1669 1014 1723 neque
1039 1649 1149 1704 nomini
1171 1667 1224 1704 suo
1248 1629 1414 1723 prospicere

419 1752 556 1828 potuerit.
575 1754 662 1810 Viuct
683 1765 797 1822 tamen,
816 1765 844 1808 et
860 1753 1091 1808 doctissimorum
1108 1751 1236 1808 omnium
1251 1752 1415 1808 testimonio

419 1858 579 1913 celebratus
597 1857 701 1931 iniquae
721 1857 844 1912 fortunae
864 1857 1002 1912 inuidiam
1020 1856 1175 1930 superabit.

457 1963 495 2016 Et
514 1964 630 2016 Dsnres
651 1963 779 2016 Termes
800 1964 914 2016 Auem
938 1962 1124 2030 Veronensis,
1154 1960 1199 2014 vir
1220 1959 1415 2035 dubioprocul

419 2063 527 2139 optime
556 2063 716 2134 litteratus,
747 2075 776 2120 et
807 2064 838 2119 in
867 2066 973 2120 Latino
1002 2065 1154 2120 condendo
1182 2065 1307 2121 carmine
1339 2063 1413 2120 herib

419 2169 553 2242 elegans,
579 2179 608 2223 et
635 2167 764 2223 eruditus
787 2167 935 2223 fortunam
955 2166 1016 2241 ipse
1042 2186 1160 2241 quoque
1185 2186 1340 2224 nouercam
1360 2184 1412 2222 ex-

418 2281 518 2344 pertus
532 2283 583 2328 est.
599 2273 666 2341 Quo
683 2271 759 2326 enim
779 2282 909 2345 tempore
927 2269 1033 2343 scripta
1051 2288 1101 2324 sua
1121 2281 1241 2344 caeperat
1260 2270 1291 2325 in
1310 2271 1413 2326 classes

418 2373 580 2446 instruere,
603 2384 632 2429 et
649 2373 856 2429 immortalitati
873 2392 929 2429 suae
951 2372 1085 2428 viaticum
1102 2389 1285 2446 comparere,
1302 2372 1413 2428 inbelli

419 2487 550 2549 tempora
564 2475 678 2546 incidit,
701 2475 781 2550 quod
800 2475 927 2531 universi
944 2475 1022 2532 orbis
1042 2475 1150 2531 viribus
1172 2487 1272 2532 eontra
1292 2479 1414 2531 Venetos

417 2579 511 2634 Julius
527 2580 670 2635 Secundus
686 2578 772 2637 Pont.
786 2581 873 2635 Man.
895 2580 1062 2635 concitarat.
1078 2583 1145 2650 Quo
1167 2580 1275 2634 factum
1296 2590 1360 2649 est,
1378 2592 1413 2636 ut

421 2685 535 2736 Verona
558 2681 575 2736 a
598 2681 733 2737 Barbarie
763 2694 865 2758 capta,
892 2683 954 2756 ipse
976 2701 1012 2737 ne
1037 2683 1154 2738 immani
1182 2701 1283 2738 eorum
1306 2683 1413 2741 feritati

418 2803 519 2859 parere
546 2797 717 2859 cogeretur,
749 2789 898 2843 Mantuam
928 2786 1091 2842 voluntario
1121 2787 1205 2842 exilio
1238 2787 1409 2863 profugerit.

418 2886 521 2960 Ibique
540 2906 637 2943 rerum
659 2888 787 2944 omnium
807 2889 944 2965 angustiis
964 2909 1137 2964 oppressus,
1160 2909 1251 2946 uxore
1272 2903 1301 2946 et
1314 2890 1411 2946 liberis

418 3008 451 3045 ex
471 2992 608 3064 opulenta
635 2992 702 3047 satis
724 2993 939 3049 conditionem
966 2994 1151 3050 arctissimam
1179 3005 1357 3069 egestatem,
1383 3006 1412 3050 et

417 3093 559 3151 miseriam
583 3095 741 3163 coniectis,
769 3106 830 3150 tum
854 3107 936 3151 aetate
958 3095 1015 3151 iam
1045 3097 1157 3172 grauis,
1183 3108 1211 3152 et
1235 3097 1272 3152 ad
1298 3097 1410 3164 iucem-7

416 3198 504 3254 moda
523 3197 688 3253 huiusmodi
707 3196 825 3253 ferenda
847 3197 940 3254 mimis
966 3200 1124 3269 adsuetus,
1148 3200 1231 3274 graui
1253 3199 1411 3256 admodum

417 3301 579 3362 valetudine
597 3301 648 3357 diu
665 3301 842 3357 excruciatus
863 3302 893 3356 in
914 3321 948 3358 eo
967 3302 1064 3372 exilio,
1084 3305 1268 3377 perturbato,
1286 3304 1409 3359 subuer-

415 3423 507 3477 soque
538 3424 636 3460 rerum
672 3405 800 3461 omnium
830 3425 947 3464 suarum
980 3406 1081 3462 ordine
1113 3406 1279 3463 calamitoso
1309 3406 1410 3464 mortis

416 3525 521 3581 genere
543 3509 630 3563 vitam
651 3507 734 3564 finiit.

277 3612 404 3698 Hierony·-
454 3611 517 3666 Tali
530 3629 649 3666 maerore
661 3613 810 3668 contabuit
826 3624 853 3669 et
864 3615 1060 3668 Hmaonrrans
1071 3616 1220 3668 Rononms
1237 3613 1410 3682 Tareninus,

258 3678 403 3798 ffiffi‘bww'
414 3713 459 3767 vir
478 3714 532 3768 nisi
553 3713 612 3769 fata
630 3733 696 3769 eum
716 3727 760 3770 tot
781 3715 988 3771 calamitatibus
1013 3714 1197 3784 afflixissent,
1219 3716 1256 3770 ad
1277 3733 1411 3788 magnam

415 3827 443 3870 et
466 3817 595 3892 ingenij,
622 3829 650 3872 et
669 3818 839 3874 eruditionis
860 3819 974 3874 laudem
997 3830 1099 3887 natus,
1131 3817 1191 3873 siue
1214 3836 1312 3874 rerum
1335 3817 1412 3872 anti-

413 3925 557 3993 quarum,
578 3920 683 3994 quibus
707 3921 790 3976 valde
813 3921 1033 3990 oblectabatur,
1054 3921 1217 3995 cognitione
1241 3932 1410 3994 praestaret,

413 4021 474 4076 siue
496 4041 557 4077 non
580 4023 724 4097 inelegans
751 4041 866 4078 carmen
887 4023 1032 4094 cuderet,
1065 4024 1125 4080 siue
1146 4023 1268 4081 aliorum
1295 4022 1411 4098 ingenia

411 4123 632 4204 benignissimus
665 4125 809 4185 excitaret.
845 4127 874 4183 Is
904 4137 1000 4183 tamen
1029 4143 1082 4206 per
1111 4126 1212 4204 viginti
1236 4126 1410 4200 etamplius
