3202 5168
428 394 466 462 14
675 408 797 462 loturus
816 408 913 481 Pinnrj
935 411 1117 477 Vtranraur,
1138 428 1175 464 nn

423 533 496 590 tiam
518 533 698 604 admiratus,
720 552 786 593 eum
805 535 836 592 in
860 536 972 592 ltaliam
992 547 1123 607 secutus,
1147 537 1212 593 otim
1235 539 1333 596 Romae
1354 541 1423 597 deo

426 637 533 695 trinam
553 655 634 694 suam
650 639 845 712 propalasset,
867 638 1049 696 eruditorum
1064 641 1193 698 omnium
1207 659 1351 698 concursu
1363 643 1423 700 fre·
1446 705 1450 714 ,

425 738 562 814 quentari
580 740 678 814 capit,
697 759 764 798 mox
782 741 868 798 rebus
887 752 957 800 tunc
977 743 1158 800 Florentibus
1178 745 1308 801 Romana
1325 745 1424 801 cathe-

429 843 483 899 dra
501 843 667 899 honestatus
688 843 717 899 in
737 863 770 900 ea
789 844 889 902 incidit
908 855 1057 919 tempora,
1079 865 1143 921 quta
1162 848 1290 904 omnium
1310 849 1423 904 calam·-

428 946 571 1002 tosissima
588 965 700 1022 semper
723 943 964 1022 'appellabuntum
992 949 1188 1006 &latronibus
1219 950 1295 1006 enim
1326 953 1422 1008 llcmae

429 1049 622 1108 vastatoribus
637 1049 711 1108 male
727 1050 841 1108 habitus
854 1051 884 1108 in
905 1051 969 1128 ipso
987 1052 1147 1125 juuentutis
1161 1051 1233 1110 flore
1244 1054 1421 1128 pestilentia,

424 1173 495 1229 ‚qum
524 1154 619 1210 statim
643 1153 672 1210 in
698 1153 808 1210 cladem
839 1153 916 1210 illam
935 1155 1088 1227 incubuit,
1120 1156 1212 1214 fertur
1241 1158 1420 1232 absumptus.

431 1256 575 1331 Ingemuit
600 1257 724 1312 Colotius
751 1257 789 1316 ad
820 1257 903 1314 amici
933 1269 991 1314 tam
1017 1260 1096 1316 docti
1122 1259 1371 1329 recordationem,
1394 1271 1423 1316 et

424 1362 523 1418 ,Potae
540 1360 662 1433 suspirio
685 1359 761 1418 visus
781 1372 823 1416 est
842 1380 907 1420 eum
917 1361 1100 1430 desiderare,
1130 1361 1299 1436 addiditque
1317 1363 1424 1419 Conta-

430 1482 514 1520 renus
531 1481 582 1532 se,
615 1475 644 1517 et
668 1463 747 1536 apud
769 1465 896 1520 Venetos
922 1483 1010 1533 suos,
1037 1475 1065 1522 et
1087 1463 1119 1520 in
1135 1463 1279 1539 ttispaniis
1299 1465 1423 1521 celeber-

290 1565 404 1644 Hieroni·
424 1567 536 1630 ‚rimum
559 1567 643 1624 huius
668 1565 783 1640 juueuis
806 1586 912 1624 nomen
938 1568 1088 1624 audivisse.

272 1633 418 1684 ''meari''
469 1671 539 1724 Mox
561 1687 623 1744 ego.
651 1671 825 1726 {hunerium
847 1680 944 1728 autem
969 1671 1113 1729 Cannorts
1134 1669 1189 1726 viri
1217 1688 1250 1727 ex
1271 1670 1423 1727 nobilitate

429 1773 618 1847 Neapolitana
644 1773 748 1828 summi
770 1773 862 1848 gloria
889 1772 974 1848 longe
999 1773 1103 1830 clarior
1124 1784 1188 1842 est,
1213 1773 1301 1848 quim
1322 1785 1423 1830 nostro

428 1875 518 1950 possit
536 1895 662 1932 crescere
684 1876 855 1953 testimonio.
870 1876 924 1932 llic
939 1876 1016 1932 inter
1037 1875 1241 1932 eruditissimos
1260 1873 1423 1932 'aPontano

424 1979 607 2048 celebratus,
631 1979 668 2036 ab
688 1979 770 2036 Aetio
790 1979 899 2034 summe
923 1980 1160 2049 commendatus,
1184 1979 1353 2036 doctissimis
1375 1979 1422 2034 in·

424 2081 503 2156 genij
526 2081 574 2144 sui
594 2082 788 2154 monumentis
811 2082 990 2139 eruditorum
1014 2082 1052 2142 de
1079 2099 1109 2138 se
1132 2082 1261 2139 omnium
1291 2093 1424 2156 expecta·

429 2184 535 2239 tionem
559 2195 730 2258 exaequarat.
747 2185 849 2258 Neque
869 2195 963 2239 tamen
983 2185 1027 2254 is,
1051 2183 1102 2258 qui
1120 2196 1214 2242 totum
1228 2184 1292 2240 vitae
1311 2196 1424 2259 tempus

335 2337 337 2342 .
424 2287 512 2346 tonis
535 2287 644 2345 artibus
658 2286 870 2360 impenderat,
885 2287 1015 2346 easndem
1036 2287 1113 2344 harre
1136 2286 1345 2346 inclementiam
1371 2287 1425 2344 lati

425 2390 526 2465 potuit
550 2390 667 2448 euitare.
696 2389 845 2464 Siquidem
864 2390 1036 2465 grauissimo
1059 2411 1115 2462 eo,
1140 2404 1169 2448 et
1194 2392 1430 2466 pestilentissimo·

431 2511 532 2563 anno,
559 2513 621 2568 quo
651 2495 743 2550 Roma
772 2493 855 2548 toties
887 2493 1096 2569 direptionibus
1124 2495 1271 2569 obiectata
1300 2507 1365 2566 est,
1395 2495 1426 2551 ia

431 2595 622 2670 Neapolitano
652 2597 699 2654 ille
722 2597 783 2654 otio
805 2597 940 2671 quieuss,
968 2597 1129 2673 pestilentia
1154 2617 1307 2674 oppressas
1333 2598 1427 2654 inteli-

427 2698 503 2754 citer
520 2699 664 2777 pectibuit.

484 2802 569 2860 Hunc
591 2814 729 2877 sequutae
751 2801 829 2859 idem
850 2806 943 2860 Parni
964 2805 1103 2860 Gnaeum
1127 2803 1236 2874 exitus,
1261 2804 1345 2878 eujus
1368 2814 1427 2860 tan

430 2924 566 2974 mortun,
588 2905 674 2979 quim
695 2905 870 2980 scriptorum
889 2907 1029 2983 elegantia
1054 2907 1189 2964 nimirum
1204 2907 1321 2984 exigere
1343 2907 1426 2964 vide-

430 3009 536 3078 batur,
562 3019 594 3066 ut
617 3007 668 3083 qui
695 3027 748 3082 per
773 3009 985 3079 innocentiam,
1013 3005 1043 3065 'et
1068 3010 1241 3068 laudabilem
1264 3010 1426 3067 studiorum

432 3109 601 3167 industriam
624 3110 712 3166 vitam
730 3130 845 3170 omnem
868 3123 1019 3187 exegerat,
1032 3112 1166 3186 ,aequiore
1189 3111 1334 3169 frueretur
1354 3112 1423 3193 sato,

432 3205 485 3270 Hic'
508 3224 602 3270 tamen
629 3232 662 3270 ea
688 3225 838 3288 correptas
862 3214 1041 3289 pestilentia,
1070 3233 1156 3288 quam
1184 3214 1304 3288 Hispani
1329 3216 1424 3272 Roma

431 3317 606 3391 praedatores
626 3317 777 3391 Neapolim
796 3317 920 3376 intulere
940 3317 1117 3374 dcaristimo
1136 3336 1253 3392 quoque
1273 3318 1425 3375 destitutus

386 3467 392 3479 s
432 3418 463 3474 in
482 3438 515 3474 ea
535 3419 648 3476 miseria
666 3419 778 3476 defecit.

293 3521 413 3598 Josiplron
472 3522 638 3580 Addamltis
646 3525 829 3580 Josrrnonrt
840 3525 1003 3593 strumis,
1018 3541 1077 3597 quo
1087 3525 1180 3578 laelius
1190 3525 1327 3580 secundm
1339 3525 1424 3580 Pom.

276 3590 406 3658 smmi
434 3625 520 3681 Mar.
544 3625 657 3684 assidue
677 3605 746 3682 usus
767 3637 813 3684 est
832 3626 964 3695 Medico,
976 3627 1095 3698 filium,
1114 3626 1165 3700 qui
1184 3624 1372 3700 Philosophiae
1397 3635 1427 3681 et

432 3728 641 3786 Mathematicis
658 3727 893 3802 impensissimam
915 3746 1033 3804 operam
1047 3739 1224 3797 naunuerat,
1246 3727 1347 3784 litteris
1368 3729 1427 3786 He-

433 3830 537 3888 braicis
561 3831 615 3890 sub
636 3830 699 3904 ipso
720 3841 803 3904 patae
821 3828 939 3888 mirifice
956 3832 1135 3905 proiecerat,
1162 3849 1257 3905 neque
1278 3830 1372 3905 patria
1392 3847 1427 3887 ea

432 3944 584 3991 contentus
610 3933 791 4002 eruditione,
823 3936 934 3992 Graeca
961 3911 1046 3991 etiam
1070 3933 1277 4003 affectauerat,
1311 3932 1426 3992 Latinas

433 4046 530 4091 autem
548 4036 588 4094 ita
606 4037 762 4108 didicerat,
785 4049 819 4093 ut
838 4048 869 4094 et
890 4057 1000 4109 uorsa,
1022 4049 1050 4093 et
1066 4057 1173 4112 prorsae
1195 4037 1333 4094 orationis
1355 4054 1426 4092 can·

433 4139 526 4207 dore,
546 4150 574 4194 et
590 4140 730 4215 elegentia
742 4142 864 4217 aequales
875 4160 975 4198 omnes
987 4143 1084 4197 Roma
1097 4153 1286 4216 prouocaret,
1299 4159 1427 4214 aequum

434 4260 491 4318 que
512 4260 576 4298 cum
594 4242 728 4300 uniuersa
747 4243 901 4318 juuentute
919 4245 1023 4320 pedem
1042 4243 1138 4301 ferret.
1161 4244 1293 4301 Moribus
1313 4243 1427 4299 adhaec
