3186 5166
431 376 471 439 78
683 381 806 435 lotnnrs
825 378 922 452 Praeti
944 381 1124 450 versarint,
1146 401 1184 439 ns

433 507 595 576 inuiseret‚
627 505 802 579 dereliquit,
831 517 921 562 totam
941 508 1108 583 peragrauit
1139 520 1246 568 terrem
1273 510 1436 582 Graeciam,

434 611 558 668 Siciliam
592 608 805 683 perlustrauit‚
847 610 983 666 AEtbnam
1008 610 1049 666 ita
1077 610 1249 683 difficilem,
1283 614 1435 688 periculos-

435 732 556 788 sumque
576 724 704 768 montem
721 712 847 768 incendii
864 731 964 768 causas
985 713 1187 788 exploraturus
1207 715 1252 772 bis
1267 715 1436 787 inscendit,

435 817 530 890 deque
557 834 693 892 supremo
715 816 833 872 crateris
855 816 938 872 labro
967 827 1061 872 totum
1088 835 1218 874 cauernae
1244 837 1350 876 cauum
1373 819 1437 876 ins-

397 917 400 924 ’
434 919 571 996 pectauit.
596 919 887 994 Constantinopolim,
908 931 938 975 et
961 919 1124 976 universam
1144 921 1297 978 Thraciam
1314 922 1436 994 invisit,

435 1027 621 1079 Maecenatem
648 1041 732 1078 suum
752 1023 899 1079 Andream
933 1022 1081 1079 Grittoeum
1101 1042 1157 1098 pro
1179 1041 1251 1098 pace
1277 1026 1437 1084 Oratorem

416 1101 418 1108 Ι
436 1127 454 1182 a
473 1129 580 1185 Senatu
597 1129 710 1182 Veneto
732 1126 852 1182 missum
871 1136 995 1182 secutus.
1018 1128 1144 1182 Tantum
1171 1127 1242 1183 verb
1265 1127 1378 1197 abfuit,
1400 1139 1439 1184 ut

436 1230 483 1285 ille
512 1229 691 1286 calamitosas
716 1229 962 1306 peregrinationes
982 1229 1174 1300 existimaret,
1215 1242 1250 1286 ut
1268 1230 1348 1288 senio
1372 1230 1438 1303 jam

437 1334 534 1408 grauis
560 1318 723 1390 voluntaria
756 1333 873 1409 siugulis
903 1334 985 1392 annis
1017 1334 1220 1392 exercitatione
1252 1333 1439 1390 Provinciam

438 1436 526 1492 modb
548 1436 643 1508 banc,
670 1436 759 1492 modo
778 1436 856 1492 illam
883 1436 1042 1508 inuiseres,
1070 1437 1258 1496 constitutum
1277 1435 1439 1506 babuerit,

439 1557 536 1613 neque
561 1557 693 1613 unquam
711 1539 843 1595 inuectus
863 1557 958 1614 equo,
990 1539 1046 1596 uisi
1077 1558 1130 1614 per
1160 1539 1272 1613 aliquot
1298 1557 1440 1614 passuum

439 1641 526 1696 millia
547 1660 583 1698 eo
615 1660 714 1712 anno,
756 1661 816 1715 quo
847 1642 885 1698 ad
915 1642 1087 1699 osculandos
1119 1641 1252 1717 discipuli
1283 1643 1352 1698 olim
1391 1641 1441 1698 sui

438 1745 544 1800 Leonis
568 1746 682 1800 Decimi
713 1746 786 1801 noui
818 1743 965 1801 Pontificis
1000 1746 1089 1821 pedes
1116 1746 1173 1801 buc
1202 1741 1337 1815 aduenit,
1376 1763 1440 1818 quo

440 1846 557 1921 quidem
587 1847 619 1903 in
644 1847 746 1903 itinere
779 1849 892 1903 nullum
922 1867 952 1904 se
979 1867 1096 1923 passum
1126 1848 1343 1904 incommodum
1373 1847 1439 1904 dic-

440 1950 561 2021 titabat,
583 1951 658 2021 nisi,
686 1951 766 2026 quod
785 1969 862 2026 equo
885 1953 1017 2008 innectus
1037 1963 1080 2008 est
1098 1971 1153 2028 per
1175 1969 1306 2008 saxosam
1327 1948 1439 2022 AEssisij

440 2053 524 2109 viam.
547 2057 628 2124 Quos
648 2054 738 2129 igitur
760 2055 832 2110 alius
854 2054 997 2130 quispiam
1018 2055 1154 2111 itinerum
1174 2056 1288 2110 labores
1310 2054 1341 2108 iu
1359 2053 1444 2108 cala-

440 2147 573 2214 mitatum
603 2176 708 2232 genere
742 2159 920 2214 collocaret.
963 2159 1009 2214 bic
1047 2158 1124 2214 inter
1157 2159 1441 2214 oblectamentorum

441 2279 560 2316 suorum
589 2259 696 2334 species
723 2261 920 2317 enumerabat.
970 2263 1129 2335 Paupertas
1165 2270 1263 2316 autem
1295 2258 1343 2315 cui
1375 2277 1439 2314 non

439 2364 550 2433 inuisa,
582 2362 630 2418 cui
652 2382 713 2418 non
745 2363 881 2419 damnata
908 2364 1067 2420 seruitus?
1110 2363 1182 2436 Quis
1216 2362 1286 2418 verb
1322 2361 1443 2420 Urbano

440 2467 598 2541 pauperior
619 2484 749 2541 unquam
774 2465 849 2535 tuit,
880 2465 932 2540 qui
963 2466 1074 2521 nullum
1104 2483 1235 2538 unquam
1252 2464 1386 2520 trientem
1407 2463 1444 2524 iu

440 2588 526 2624 usum
547 2570 700 2645 proprium
719 2569 902 2643 reposuerit,
929 2567 980 2641 qui
998 2563 1035 2622 ne
1066 2568 1102 2624 de
1129 2568 1279 2624 laboribus
1301 2568 1441 2642 quidem,

441 2691 516 2745 quos
539 2671 671 2727 docendo
693 2672 834 2742 subibat,
871 2671 1028 2727 mineruale
1052 2689 1183 2744 unquam
1201 2672 1293 2726 ullum
1313 2671 1334 2740 ,ὁ
1353 2671 1446 2726 disci-

441 2774 516 2849 pulis
537 2774 723 2850 poposcerit,
760 2775 890 2830 oblatum
919 2775 988 2830 verb
1021 2774 1152 2848 accipere
1187 2774 1343 2842 recusarit,
1384 2774 1445 2829 uisi

441 2896 545 2952 magna
572 2878 609 2934 de
634 2896 720 2934 causa
746 2889 916 2953 cogeretur3
948 2879 1029 2953 quod
1060 2888 1088 2933 et
1123 2879 1208 2947 raro,
1240 2888 1269 2933 et
1298 2875 1444 2952 perparce

442 2980 574 3037 faciebat.
603 2984 646 3036 De
676 2980 813 3038 servitute
841 2980 911 3035 vero
947 2979 1018 3054 quid
1049 2980 1157 3050 dicam,
1199 2980 1264 3035 ciam
1300 2979 1318 3034 t
1346 2997 1445 3053 puero

442 3083 529 3139 sacris
554 3083 609 3138 illis
631 3083 784 3152 initiatus,
821 3102 915 3156 neque
940 3101 1089 3151 somnum,
1112 3101 1208 3156 neque
1239 3082 1336 3138 cibum
1361 3081 1445 3138 arbi-

443 3187 498 3241 trio
528 3206 658 3261 unquam
682 3206 735 3244 suo
756 3187 884 3260 ceperit,
909 3205 1004 3260 neque
1032 3197 1128 3241 tamen
1147 3187 1193 3240 rel
1214 3187 1358 3242 tantillum
1377 3186 1443 3242 ullo

441 3308 570 3363 unquam
591 3300 720 3364 tempore
748 3290 779 3345 id
804 3289 960 3365 aegreferre·
982 3288 1058 3344 visus
1090 3287 1195 3355 suerit,
1226 3288 1286 3344 vita
1307 3306 1341 3343 ea
1368 3307 1444 3343 con-

441 3404 554 3462 tentus,
583 3393 671 3468 quim
695 3394 781 3450 semel
806 3385 944 3469 elegisset.
977 3392 1048 3464 Quis
1068 3391 1138 3447 verb
1167 3401 1226 3447 tam
1243 3391 1327 3448 fortis
1351 3391 1444 3450 animi

441 3508 503 3566 est,
522 3508 555 3552 ut
578 3497 705 3553 bonores
730 3508 919 3572 aspernetur,
939 3495 990 3570 qui
1010 3513 1070 3551 non
1091 3493 1233 3569 imperare
1252 3495 1351 3569 potiirs
1375 3494 1443 3567 alijs

441 3618 528 3674 quam
560 3600 759 3673 obtemperare
779 3597 989 3674 concupiscat?
1009 3600 1048 3654 At
1070 3597 1207 3654 Urbanus
1229 3616 1341 3654 summa
1364 3615 1443 3654 sem-

441 3722 493 3778 per
526 3702 687 3758 bumilitate
724 3702 905 3768 delectatus,
940 3701 1006 3757 licet
1035 3701 1196 3756 Abaeandn'
1236 3703 1322 3756 Pout.
1359 3702 1442 3757 Max.

442 3819 572 3881 tempore
595 3806 732 3863 Suasoris
755 3804 889 3860 antistitis
914 3803 958 3860 sui
992 3802 1120 3876 impulsu
1148 3802 1186 3858 ad
1213 3802 1340 3858 bonores
1360 3802 1442 3858 inui-

443 3922 574 3978 taretur,
597 3920 625 3964 et
643 3909 658 3963 a
673 3911 771 3962 Leone
792 3907 912 3964 Decimo
931 3904 1001 3960 nihil
1023 3923 1084 3960 non
1101 3904 1257 3978 impetrare
1279 3904 1442 3978 potuisset,

441 4013 557 4069 maximi
578 4009 709 4066 beneficii
734 4012 799 4066 loco
831 4010 847 4066 a
875 4008 1056 4083 Principibus
1085 4026 1204 4082 poscere
1233 4008 1335 4064 solitus
1367 4019 1441 4076 est,

442 4127 475 4172 ut
500 4134 529 4171 se
552 4115 583 4170 in
607 4116 651 4174 sni
682 4115 792 4172 ordinis
810 4124 980 4190 paupertate
1005 4131 1065 4170 esse
1086 4112 1221 4170 sinerent.
1260 4113 1364 4184 Neque
1380 4129 1441 4166 una·
