3202 5168
346 436 579 494 erraaaroaun
601 435 817 494 lannrcrrars.
857 435 920 493 Lib.
939 437 964 494 1.
1131 432 1152 496 5

157 577 216 639 que
241 561 298 620 mei
324 564 465 640 Legatum
495 563 534 620 ad
564 561 731 620 Pontificem
759 543 909 622 summum
941 563 1151 622 destinarunt-r

157 666 239 742 quod
261 665 378 741 widem
396 685 501 722 munus
522 678 550 722 et
567 667 592 722 si
607 665 778 744 alienissimo
794 678 923 741 tempore
943 667 1012 724 mihi
1031 669 1150 726 deman-

158 755 259 826 datum
278 769 492 844 intelligebam,
519 769 702 830 turbantibus
728 789 796 826 non¹
812 770 900 827 totius
929 770 1016 827 modo
1039 771 1152 842 Italia,

158 872 209 929 sed
231 871 309 928 orbis
335 871 464 928 uniuersi
490 872 604 944 rebus,
637 882 665 929 et
687 871 825 929 Pontifice
848 872 933 948 ipso,
956 873 1007 948 qui
1032 891 1065 930 er
1087 891 1152 930 arce

159 973 231 1030 ditia
262 974 452 1051 profugerat,
489 973 702 1050 propemodum
732 986 846 1032 extorre
877 974 937 1030 :in
966 992 1029 1031 eam
1057 987 1153 1032 tamen

159 1085 269 1132 erectus
291 1095 391 1151 spem,
412 1087 446 1133 ut
464 1077 509 1133 vel
530 1095 581 1134 sua
600 1078 661 1152 ipse
683 1075 868 1152 prouidentia
886 1087 1001 1148 motus,
1022 1079 1067 1134 rel
1088 1097 1153 1134 meo

159 1190 187 1234 et
210 1179 333 1234 aliorum
355 1179 474 1236 consilio
502 1197 655 1254 persuasus
677 1180 714 1236 ad
740 1180 837 1236 sedem
862 1197 942 1236 suam
968 1180 1071 1237 sedatis
1098 1180 1152 1236 ali-

158 1282 279 1356 quando
293 1283 390 1339 Roma
403 1282 491 1339 rebus
506 1293 721 1352 reuerteretur,
742 1293 830 1356 atque
842 1281 883 1338 ita
898 1283 1019 1339 Romam
1036 1281 1153 1340 videndi

157 1403 262 1455 causa,
290 1395 318 1440 et
341 1384 543 1459 opportunitas
569 1383 639 1440 mibi
663 1383 888 1456 concederetur,
912 1383 1059 1459 eliquanto
1077 1384 1153 1442 bila-

159 1487 218 1544 rios
246 1473 429 1562 prouinciam
454 1487 573 1562 suscepi.
604 1483 772 1543 Pontificem
794 1486 911 1561 itaque,
941 1486 1006 1544 clun
1033 1489 1154 1545 Romam

159 1589 284 1646 renuere
306 1589 516 1661 constituisset,
544 1589 689 1646 subsecuti
712 1607 819 1647 sumus.
846 1590 901 1650 sed
924 1589 948 1646 is
970 1589 1064 1647 statim
1084 1603 1154 1667 gra-

160 1693 279 1750 uissimo
291 1733 300 1764 ,
313 1711 373 1768 quo
391 1693 512 1752 affectus
532 1704 575 1750 est
594 1693 720 1764 morbo,
740 1711 843 1770 magua
855 1711 912 1751 noa
925 1693 1081 1752 identidem
1098 1694 1156 1751 sol-

159 1795 307 1853 licitudine
324 1795 436 1867 affecit;
456 1813 544 1872 quarn
563 1808 597 1853 ut
616 1797 826 1872 quoquomodo
850 1785 940 1858 lenire
964 1815 1154 1868 conaremur,

160 1877 299 1973 quoniam
327 1898 459 1974 Principe
488 1910 548 1956 tam
578 1899 651 1955 male
680 1897 784 1956 affecto
817 1900 913 1956 nullus
943 1911 1005 1956 erat
1032 1899 1155 1976 negotiis

160 2019 255 2076 neque
275 2001 411 2075 publicis,
433 2019 527 2076 neque
548 2001 669 2078 priuatis
690 2001 787 2071 loeus,
810 2001 846 2056 eir
868 2019 914 2058 me
936 2013 1155 2072 conuerteram,

160 2114 193 2158 ut
213 2114 375 2160 vestrorum
397 2103 580 2179 ingeniorum
605 2101 789 2179 cognitione,
819 2102 1083 2177 consuetudineque
1109 2121 1155 2159 me
1232 2141 1237 2152 .

161 2205 342 2262 oblectarem.
358 2205 432 2276 Sed,
446 2205 522 2262 boue
535 2207 632 2276 Deus,
646 2205 848 2280 cumprimum
866 2205 936 2281 cepi
948 2204 1156 2280 Philosophos,

161 2310 327 2379 Oratores,
358 2310 486 2379 Poetas,
513 2311 700 2379 Graecamm,
725 2308 949 2384 Latinarumque
981 2295 1156 2364 litterarum

161 2410 360 2486 professores,
389 2428 463 2485 quos
489 2409 521 2466 iu
550 2410 762 2468 Commentario
788 2410 965 2486 conscriptos
994 2410 1155 2480 habebam,

161 2512 348 2588 perquirere,
366 2523 492 2588 quanta,
520 2529 666 2588 quamque
688 2512 810 2570 crudelis
832 2513 961 2590 tragedia
977 2512 1046 2568 mihi
1060 2513 1157 2569 oblata

161 2626 223 2686 est,
241 2615 293 2690 qui
313 2615 454 2674 litteratos
470 2617 567 2688 viros,
586 2635 661 2691 quos
674 2633 720 2672 me
741 2616 870 2673 eborum
888 2615 1053 2691 sperabam,
1075 2627 1157 2673 tauto

161 2735 283 2774 numero
312 2719 522 2793 comperiebam
554 2718 764 2776 miserabiliter
782 2718 975 2788 occubuisse,
1011 2719 1157 2775 atrocissi-

162 2838 266 2895 maque
294 2819 345 2876 fati
362 2821 531 2876 ¹acerbitate
563 2819 717 2890 sublatos,
750 2819 1012 2897 indignissimisque
1039 2821 1158 2878 affectos

160 2922 344 2992 infortuniis,
360 2923 430 2979 alios
450 2933 530 2998 peste
547 2922 742 2998 interceptos,
762 2925 832 2980 ulios
849 2925 879 2979 in
903 2923 1004 2994 exilio,
1019 2935 1048 2979 et
1061 2923 1159 2999 iuopia

162 3043 330 3100 oppressos,
354 3024 408 3082 hos
430 3024 508 3080 ferro
531 3025 710 3096 trucidatos,
737 3025 802 3082 illos
821 3026 966 3082 diuturnis
986 3027 1159 3082 cruciatibus

163 3129 351 3202 absumptos3
377 3128 466 3198 alios,
493 3127 574 3202 quod
591 3147 782 3184 erumnarum
803 3130 932 3200 omnium
951 3129 1160 3186 atrocissimum

166 3231 311 3301 arbitror,
341 3231 419 3286 ultro
444 3230 509 3285 sibi,
527 3241 649 3285 mortem
675 3231 853 3288 consciuisse.
881 3235 951 3303 Quae
977 3232 1093 3306 quidem
1116 3243 1160 3288 tot

163 3333 361 3390 excellentium
379 3334 528 3390 houiinum
547 3334 719 3390 calamitates
741 3335 836 3408 primo
855 3354 889 3390 eo
906 3336 1031 3410 impetu,
1049 3347 1159 3410 quanto

164 3455 209 3492 me
232 3436 330 3492 dolere
352 3436 522 3506 affecerint,
545 3435 593 3492 rix
616 3433 744 3511 unquam
765 3436 854 3493 fando
875 3437 1015 3510 explicare
1035 3453 1159 3512 possem.

164 3539 252 3609 Quod
277 3539 331 3594 nisi
349 3557 400 3594 vos
426 3540 544 3607 saltem,
574 3549 603 3594 et
630 3537 815 3613 paucissimos
841 3538 912 3594 alios
936 3540 1158 3613 comperissem,

102 3647 103 3650 ’
164 3661 232 3697 mete
251 3660 296 3697 me
316 3642 390 3697 istuc
409 3639 616 3715 profectionis,
642 3640 756 3715 meique
775 3641 860 3696 huius
880 3641 1022 3696 inuisendi
1038 3643 1160 3697 Romam

165 3743 251 3816 studij
284 3743 418 3818 paenitere
454 3743 510 3800 iarn
541 3755 706 3818 occeperat.
743 3744 796 3800 llic
832 3747 975 3800 Pouoro
1009 3745 1163 3801 Contarent‘

165 3855 278 3903 secutus
299 3857 508 3922 argumentum.
530 3847 667 3902 Miserum
685 3847 798 3922 inquit,
827 3857 855 3902 et
874 3845 1076 3902 lamentatione
1093 3847 1159 3922 dig-

165 3969 234 4005 num
260 3961 320 4018 est,
351 3968 411 4005 non
436 3947 566 4017 inficior,
591 3961 634 4005 tot
658 3949 938 4020 claroslitteraruro
959 3949 1036 4005 viros
1063 3951 1160 4005 Romae

164 4053 222 4108 iam
249 4052 333 4108 breui
354 4052 489 4125 temporis
511 4053 672 4122 curriculo,
694 4063 740 4123 et,
761 4052 842 4126 quod
865 4051 1003 4108 infelicius
1021 4065 1083 4123 est,
1103 4053 1160 4108 mi-

165 4155 280 4212 serabili
300 4155 359 4212 fere
383 4173 481 4212 omncs
500 4155 600 4212 mortis
617 4175 720 4232 genere
744 4156 888 4214 defccisse.
917 4157 973 4216 Sed
995 4157 1161 4213 huiusmodi
