3202 5168
458 443 482 500 8
706 441 948 519 torruerunt
971 447 1155 518 Venantum,
1176 465 1214 504 or

462 571 494 628 ds
514 581 609 628 tamen
639 570 779 629 simulac
810 575 847 630 ab
874 577 972 631 Leotw
990 576 1109 631 Decimo
1134 577 1222 632 Ponti
1243 597 1275 632 ce
1303 579 1460 657 Macrine,

462 673 611 750 Apustinae
625 686 667 731 est
684 675 814 744 Ecclesiae
831 676 998 751 prefectus,
1017 678 1199 735 acerbissima
1212 680 1344 737 diuturni
1365 681 1462 737 cuius·-

463 777 529 834 dam
554 777 649 834 morbi
671 778 743 833 nulli
764 779 941 836 medicorum
962 780 1070 856 cogniti
1093 782 1461 856 correptusinclementia,

462 893 617 956 postquam
653 881 807 938 miserabili
836 882 964 938 cruciatu
1002 901 1112 939 menses
1147 883 1287 957 plurimos
1321 886 1460 942 decubuit

462 982 642 1054 affllictatns,
668 984 761 1066 morbi
782 983 898 1040 demum
921 983 982 1068 eius
1006 986 1198 1056 truculentia,
1227 997 1256 1042 et
1278 987 1366 1044 totius
1394 1009 1461 1044 cor-

462 1087 541 1162 poris
562 1085 710 1143 doloribus
734 1105 888 1160 oppressus
909 1087 1019 1143 virente
1040 1088 1134 1144 adhuc
1157 1096 1239 1144 aetate
1257 1089 1382 1146 animam
1401 1092 1460 1166 egit

449 1189 623 1246 ¹incredibili
643 1189 722 1264 apud
745 1207 844 1245 omnes
867 1189 911 1245 sui
932 1190 1033 1246 relicto
1060 1190 1212 1246 desiderio.

513 1295 615 1366 Neque
646 1295 746 1348 Minor
770 1294 888 1348 Muscas
915 1303 1023 1348 sortem
1047 1292 1200 1367 quisquam
1222 1295 1315 1350 laetam
1334 1296 1459 1366 dixerit,

461 1395 513 1470 qui
534 1395 599 1450 licet
625 1405 654 1450 et
675 1393 807 1467 Patauij,
835 1405 864 1449 et
883 1394 1009 1450 Venetiis
1031 1397 1109 1469 apud
1133 1396 1311 1475 nobilitatem
1334 1410 1458 1454 vestram

459 1516 570 1554 summa
588 1496 718 1553 omnium
741 1495 1010 1566 commendatione,
1028 1508 1058 1552 et
1074 1498 1167 1571 gratia
1185 1500 1346 1572 complures
1365 1519 1457 1556 annos

459 1605 570 1657 Graecas
596 1601 704 1656 litteras
735 1600 896 1669 docuisset,
925 1611 953 1656 et
983 1599 1120 1656 doctrinae
1151 1601 1267 1656 nomine
1298 1603 1335 1657 ab
1360 1607 1459 1660 Leone

458 1703 598 1772 Decimo,
619 1704 758 1776 Ponta‘stce
780 1703 938 1773 Macrino,
968 1703 1076 1777 duplici
1096 1702 1218 1760 flaminis
1236 1705 1347 1761 honore
1368 1707 1457 1763 deco-

458 1817 558 1874 ratus,
582 1805 601 1860 is
621 1807 699 1862 lulio
724 1807 784 1862 eius
808 1803 960 1862 Ponteficis
984 1804 1073 1861 fratre
1096 1818 1164 1862 tunc
1187 1793 1333 1862 cardinali
1358 1826 1457 1866 sacer·

457 1909 527 1964 dote
539 1949 549 1978 ,
573 1908 624 1981 qui
643 1928 721 1965 nunc
749 1919 792 1964 est
817 1927 945 1964 summus
972 1907 1126 1979 Pontifex,
1156 1908 1187 1963 in
1214 1908 1367 1965 amicitiam
1392 1929 1457 1968 sus-

458 2023 559 2086 ceptus
588 2029 692 2087 magna
726 2010 856 2067 omnium
887 2010 1040 2067 dilectione
1073 2009 1239 2080 coleretur,
1274 2012 1370 2067 nescio
1399 2032 1457 2087 qua

458 2124 554 2170 tamen
574 2115 661 2172 ammi
684 2115 812 2172 maestitia
836 2116 908 2170 clam
929 2115 1129 2183 exulceratus,
1154 2126 1188 2169 ut
1212 2114 1264 2188 qni
1287 2133 1347 2171 non
1365 2115 1454 2171 modo

457 2235 518 2273 non
530 2218 699 2293 dignitatem
721 2220 830 2288 ullam,
858 2229 909 2273 aut
926 2215 1057 2290 beneficij
1080 2217 1264 2272 commodum
1285 2218 1315 2272 in
1332 2236 1367 2274 eo
1392 2219 1457 2274 ritu

456 2323 555 2377 colore
579 2321 715 2392 duceret,
743 2321 793 2396 qui
819 2319 970 2377 hominum
1002 2318 1139 2393 opinione
1166 2318 1314 2390 judicatur
1342 2321 1458 2394 amplis-
1489 2339 1495 2358 ¹

458 2424 564 2493 simus,
582 2425 632 2479 sed
661 2423 716 2480 sibi
743 2442 853 2480 summa
872 2424 903 2478 in
926 2423 1058 2478 libertate
1081 2422 1191 2478 versari
1215 2421 1299 2477 solito
1318 2440 1457 2478 summam

440 2523 543 2582 'etiam
563 2527 794 2596 deformitatem,
815 2538 844 2581 et
866 2525 1015 2582 miseriam
1032 2524 1242 2593 arbitraretur,
1267 2525 1297 2579 in
1311 2527 1457 2581 occultum

315 3459 427 3512 Hadria-

298 3546 343 3578 nus
354 3529 443 3579 Cardi-

297 3598 372 3647 realis.

457 2647 492 2684 ex
515 2647 549 2684 ea
573 2647 642 2684 cura
666 2628 766 2684 incidit
788 2628 944 2697 morbum,
972 2628 1052 2683 cuius
1079 2627 1151 2682 nulli
1165 2627 1346 2682 Medicorum
1371 2645 1456 2684 causa

457 2731 593 2807 cognita,
617 2732 749 2805 interque
767 2731 866 2787 tacitus
883 2730 1057 2800 anxietates,
1083 2730 1312 2805 miserrimusque
1333 2730 1456 2788 fortunae

455 2839 513 2891 suae
541 2835 753 2909 deplorationes
772 2834 935 2890 diutissime
965 2845 1084 2890 vexatus
1109 2833 1258 2906 expirauit.
1295 2835 1361 2890 llaec
1390 2835 1456 2889 cinn

454 2938 603 2995 verbosius
636 2937 711 2996 forte
740 2938 828 3012 quam
857 2937 930 2992 tanti
952 2936 1007 2992 siri
1023 2936 1183 2991 reverentia
1203 2915 1385 3010 pdstulabat,
1404 2955 1458 2992 ore

455 3041 641 3112 excidissent,
669 3052 761 3114 utque
777 3039 988 3115 importunitati
1007 3057 1075 3094 meae
1089 3038 1202 3094 veniam
1224 3040 1327 3107 daret,
1349 3051 1453 3114 postu-

454 3145 564 3200 lassem.
579 3144 671 3199 lmmb
684 3161 795 3219 perge,
813 3144 853 3199 ait
864 3145 1075 3211 Coursnnuus,
1098 3153 1147 3212 et,
1169 3142 1193 3197 si
1211 3160 1268 3215 qua
1289 3141 1455 3197 huiusmodi

454 3247 583 3322 exempla
602 3247 690 3308 habes
704 3267 791 3320 ,quae
803 3246 926 3302 infelicia
937 3257 1039 3320 putes,
1054 3244 1155 3300 omnia
1162 3245 1261 3318 profer
1273 3247 1302 3299 in
1316 3245 1451 3300 medium.

492 3349 545 3406 llic
560 3369 614 3425 ego
637 3349 796 3406 audentior
809 3350 911 3406 sactus,
932 3348 1011 3420 Quid
1032 3347 1166 3421 inquam,
1186 3365 1316 3420 unquam
1329 3347 1452 3401 laetabile

453 3453 556 3508 habuit
580 3454 750 3509 Hennrauus
773 3452 950 3507 Csaornsnrs
964 3451 1136 3505 Couersnos
1153 3449 1368 3505 emunctissimae
1388 3448 1453 3504 lati·

455 3555 552 3612 nitatis
585 3567 708 3626 auctor,
745 3552 884 3610 beneficio
914 3553 1076 3610 Alexandri
1106 3553 1187 3609 Sexti
1214 3554 1298 3609 Pont.
1334 3553 1450 3620 Mean,

457 3658 505 3716 cui
532 3657 626 3714 fuerat
655 3657 829 3727 decoretis,
859 3655 948 3712 adid
977 3654 1096 3710 honoris
1123 3665 1261 3723 euectus,
1295 3656 1348 3711 sub
1375 3655 1455 3710 Iulio

457 3764 585 3820 Secundo
606 3764 690 3818 Pont.
706 3762 793 3815 Mae.
815 3779 882 3814 mox
902 3760 967 3814 exul
987 3758 1099 3828 factus,
1129 3769 1157 3813 et
1179 3756 1366 3813 acerbissimis
1388 3773 1455 3832 per-

457 3883 555 3922 cussus
570 3863 669 3920 edictis
686 3880 777 3918 annos
797 3861 908 3935 aliquot
920 3860 948 3916 in
965 3860 1139 3916 Germanicis
1150 3860 1315 3916 Rhaetormn
1331 3859 1454 3933 Alpibus

456 3969 601 4037 obscura,
633 3977 663 4023 et
683 3964 800 4022 sordida
819 3963 1049 4039 peregrinatione
1069 3963 1190 4018 delituit.
1219 3962 1364 4018 Defuncto
1385 3979 1454 4016 mox

455 4072 552 4139 Jala'o,
569 4069 661 4142 'eique
686 4072 781 4124 Leone
807 4067 950 4136 suffecto,
979 4065 1184 4141 profanissimae
1210 4064 1240 4118 in
1265 4065 1351 4119 talem
1370 4063 1453 4119 Prin·

455 4173 548 4249 eipem
567 4171 776 4246 conjurationis
797 4169 927 4228 conscius
949 4169 1024 4241 fuit,
1049 4187 1107 4244 qua
1128 4168 1292 4244 patefacta,
1312 4166 1455 4240 veniaque
