3202 5168
457 429 496 488 38
650 441 655 448 ’
702 432 823 484 Josnnrs
844 425 940 498 Prunrj
961 428 1145 494 Verentur,
1165 445 1200 479 nu

451 555 566 614 -dolo'ris
585 553 822 612 contrectationes
841 559 1027 623 constanter;
1054 563 1082 606 et
1100 551 1160 607 sine
1174 552 1233 607 ullo
1252 569 1372 625 prorsus
1387 552 1445 608 cla-

458 678 538 715 more
553 661 672 726 tolerat,
694 657 920 732 perpetiturque.
940 659 1096 729 Nunquam
1108 668 1202 711 tamen
1221 673 1315 728 neque
1325 650 1444 723 Pierius,

457 780 553 835 neque
574 762 772 816 Ferdinandus
787 761 903 828 Siculus,
926 747 1029 814 Leonis
1047 759 1160 814 Decimi
1181 758 1326 826 Medicus,
1351 774 1447 830 neque

457 863 681 919 necessariorum
705 862 846 937 quispiam
867 863 1033 936 peruincere
1052 872 1210 935 potuerunt
1229 860 1314 916 etiam
1337 859 1445 915 adactis

456 963 532 1020 intra
556 964 685 1020 dentium
704 967 829 1021 claustra
849 965 983 1040 scalpris,
1015 975 1047 1019 ut
1066 964 1178 1022 Priulus
1206 963 1302 1019 cibum
1323 981 1444 1037 capere,

455 1079 505 1124 aut
526 1067 555 1121 ri
574 1068 728 1124 immissum
748 1067 894 1126 continere
920 1068 1013 1122 vellet.
1043 1068 1140 1139 Atque
1162 1066 1202 1121 ita
1226 1067 1294 1121 ciam¹
1314 1064 1384 1120 nihil
1403 1065 1445 1121 illi

456 1169 611 1244 quicquam
630 1183 722 1226 morte
742 1170 924 1227 deliberatius
947 1181 1034 1238 esset,
1053 1169 1103 1243 qui
1121 1187 1214 1244 neque
1232 1169 1329 1243 aquis,
1350 1186 1445 1244 neque

450 1270 539 1347 igne,
562 1292 656 1347 neque
680 1273 777 1341 ferro,
798 1292 892 1346 neque
914 1272 1048 1328 altissima
1072 1271 1295 1345 praecipitatione
1317 1270 1445 1345 extingui

454 1386 608 1449 potuerat,
630 1375 852 1449 pertinacissima
871 1376 998 1448 quinque
1020 1374 1131 1429 dierum
1145 1372 1240 1427 inedia
1258 1383 1443 1446 consumptus

455 1477 530 1532 inter
550 1477 635 1533 unius
657 1477 745 1546 Pierij
765 1477 946 1552 lacrymantis
970 1480 1052 1532 ulnas
1076 1475 1225 1550 expirauit,
1249 1475 1444 1550 Obriguerant

456 1579 494 1634 ad
517 1579 620 1651 Colotij
650 1579 822 1649 dictionem,
850 1580 975 1652 factique
988 1591 990 1593 ’
1004 1580 1088 1635 huius
1116 1579 1293 1634 atrocitatem
1317 1580 1443 1636 omnium

455 1681 566 1750 anitni,
592 1682 780 1755 conuersique
802 1682 839 1737 ad
860 1682 1004 1750 Pieriam,
1034 1693 1063 1736 et
1083 1681 1229 1751 Melinus,
1259 1693 1287 1736 et
1313 1681 1449 1756 plerique

455 1783 523 1855 alij,
545 1783 595 1856 qui
615 1802 683 1839 casu
702 1795 916 1853 conuenerant,
936 1802 974 1838 an
993 1782 1098 1854 italres
1110 1795 1189 1858 gesta
1209 1795 1302 1853 esset,
1320 1783 1444 1840 sciscita-

455 1879 572 1942 bantur.
602 1887 645 1942 Ea
664 1905 732 1942 vera
751 1885 871 1941 nimium
897 1887 984 1942 luisse
1011 1887 1104 1943 Pierio
1125 1906 1189 1941 cum
1208 1886 1340 1960 iacrymis
1362 1884 1443 1942 allir-

455 2001 550 2044 mante
577 1990 654 2044 venit
680 1989 716 2044 ab
748 1990 905 2062 Augustino
937 1986 1089 2045 cardinale
1118 1990 1233 2046 Triult'io
1265 2008 1361 2062 puer,
1392 1987 1443 2062 qui

457 2095 586 2148 Granum
610 2092 706 2167 magni
732 2092 839 2166 negotij
861 2110 946 2146 causa
965 2102 1130 2149 accerseret.
1154 2091 1345 2148 Tabellarium
1368 2090 1443 2146 euim

358 2245 360 2250 ,
455 2212 490 2249 ex
518 2194 614 2249 Galliis
640 2194 848 2267 expiditissimis
878 2193 1026 2248 itineribus
1049 2193 1206 2250 aduenisse.
1235 2197 1301 2264 Quo
1325 2205 1443 2267 accepto

453 2297 577 2352 surrexit
601 2300 723 2366 Graue,
757 2309 785 2352 et
816 2287 880 2353 curn
913 2298 1059 2366 Melinus,
1090 2295 1256 2352 fraudatum
1279 2315 1308 2352 se
1337 2296 1443 2352 diceret

455 2399 669 2472 expectatione,
703 2401 783 2472 quod
815 2400 935 2474 polliciti
963 2411 1045 2455 erant
1070 2400 1208 2474 pleraque
1236 2400 1261 2460 ir,
1283 2398 1442 2455 Contareno

455 2501 597 2575 sapienter
630 2520 717 2575 super
740 2503 784 2557 his
809 2502 953 2575 disputata
983 2502 1111 2557 recitare.
1143 2502 1215 2570 Erit,
1232 2501 1325 2575 inquit
1348 2505 1443 2557 Grana

455 2621 539 2672 cras,
571 2615 621 2658 aut
651 2604 787 2677 perendie
815 2603 1007 2659 conueniendi
1033 2605 1135 2673 locus,
1165 2621 1258 2678 neque
1283 2603 1359 2659 enim
1385 2616 1442 2660 tam

454 2709 560 2781 procul¹
575 2705 753 2776 habitamus,
774 2718 806 2761 ut
830 2725 889 2762 non
908 2725 1082 2782 unaquaque
1101 2709 1173 2763 hora
1193 2707 1276 2764 simul
1296 2726 1355 2763 csse
1375 2725 1443 2781 pos-

455 2809 554 2865 simus·

494 2913 571 2982 Quin
597 2913 692 2986 potihs
719 2913 836 2987 inquam
858 2932 929 2989 ego,
955 2914 996 2968 mi
1015 2925 1133 2984 Gratia,
1163 2925 1253 2988 tuque
1272 2913 1312 2968 mi
1332 2914 1445 2981 coleti,

454 3012 530 3070 diem
550 3016 712 3086 statuimus,
734 3035 793 3090 quo
813 3017 917 3072 iterum
931 3017 1143 3072 conueniamus.
1159 3019 1233 3072 Nam
1252 3034 1304 3090 ego
1326 3032 1442 3088 quoque

453 3114 570 3171 mirifice
589 3118 691 3191 cupio,
710 3138 773 3191 quae
791 3118 877 3174 fucrit
895 3137 1057 3174 sermonum
1074 3109 1239 3174 huiusmodi
1261 3116 1442 3190 catastrophe

452 3219 618 3292 percipere,
639 3229 667 3274 et
687 3219 711 3275 si
723 3232 818 3276 vestro
831 3238 895 3276 cum
910 3221 1061 3276 commodo
1073 3219 1134 3275 fieri
1148 3231 1261 3294 potest,
1283 3219 1330 3274 hic
1345 3219 1442 3292 potius

453 3321 532 3393 apud
550 3322 688 3376 Melinum
707 3341 875 3397 congressus
900 3322 967 3392 fiat,
995 3323 1073 3396 apud
1091 3340 1176 3395 quem
1199 3322 1366 3376 continuum
1387 3338 1442 3394 ego

452 3422 574 3478 biduum
602 3443 665 3480 sum
694 3437 944 3495 commoraturus,
979 3424 1049 3484 dum
1079 3424 1148 3479 mihi
1175 3423 1336 3480 cubiculum
1364 3422 1443 3496 apud

452 3525 612 3599 Pniicprem
632 3527 807 3597 adornatur,
828 3539 855 3582 et
875 3538 908 3582 ut
924 3527 1143 3582 instrumentum
1164 3545 1276 3595 meum,
1297 3537 1326 3581 et
1340 3525 1443 3582 hibha-

452 3627 583 3698 thecam,
600 3647 687 3702 quam
707 3629 752 3684 hic
770 3631 961 3702 reliqueram,
982 3646 1130 3684 recensere
1150 3628 1265 3703 possim.
1283 3626 1392 3684 Placuit
1413 3638 1447 3683 et

454 3733 578 3799 Grunce,
598 3742 626 3785 et
644 3732 751 3796 ΙΟοΙοιίο
773 3733 852 3806 apud
871 3732 1011 3804 Melinum
1029 3730 1195 3800 conueniri,
1218 3731 1351 3806 dictaque
1364 3729 1442 3798 dies,

452 3842 622 3907 tempusque
643 3835 847 3909 pomeridianis
867 3835 946 3889 horis
967 3833 997 3886 in
1018 3833 1183 3888 crastinum.

812 4012 903 4067 Primi
920 4011 1002 4067 Libri
1019 4011 1106 4066 Finis.
