3202 5168
417 455 457 514 10
662 457 784 511 loannis
804 452 900 526 Prasij
923 456 1105 524 Victuram,
1124 471 1161 509 na
1211 445 1219 454 ’

416 594 529 640 tantm
555 580 732 656 inspexerit,
759 599 823 654 qua
849 583 1000 637 Ponrrrnr
1028 580 1141 636 assidui
1174 595 1327 656 perpessus
1342 565 1413 656 est,

416 685 538 745 maxiani
551 703 667 755 vereor,
683 702 719 740 ne
731 684 809 738 hune
828 683 904 739 inter
921 683 1126 740 Litteratorurn
1140 683 1345 740 infelicissimos
1360 696 1417 741 sta-

416 800 502 859 tuat,
529 787 580 862 qui
605 788 693 844 vitam
715 788 848 844 omnibus
868 787 991 842 fortunae
1017 787 1080 842 telis
1105 787 1263 861 expositam
1282 788 1416 845 babuisse

416 891 557 947 videatur.
579 892 609 946 ls
625 890 722 960 euim,
744 900 778 944 ut
803 908 820 945 a
842 889 1026 958 domesticis,
1053 900 1080 944 et
1103 889 1133 944 in
1156 890 1277 964 proprio
1293 907 1416 965 corpore

417 993 599 1052 seruientibus
624 991 813 1048 incommodis
841 991 1012 1061 ordiamur,
1041 992 1257 1066 suppurationis
1287 994 1415 1066 quodam

416 1097 448 1152 in
468 1096 534 1152 sede
554 1095 677 1163 morbo,
700 1113 760 1168 quo
783 1093 844 1150 fere
869 1094 975 1169 simper
1002 1095 1204 1163 laboraverat,
1231 1097 1339 1151 nullam
1360 1115 1416 1151 un-

417 1218 505 1274 quam
528 1198 630 1254 boram
656 1216 751 1271 neque
779 1197 933 1267 diurnam,
959 1215 1053 1271 neque
1085 1208 1257 1252 nocturnam
1288 1198 1414 1272 quietam

417 1302 537 1372 babuit,
559 1291 813 1357 vdilectissirnarum
839 1320 909 1356 mox
938 1320 1071 1356 sororum
1098 1313 1192 1356 morte
1217 1303 1415 1371 exulceratus,

417 1405 574 1460 immaturo
591 1403 703 1459 Iuliani
711 1400 835 1474 fratris,
854 1421 940 1477 quem
963 1415 1110 1477 tamquam
1131 1405 1229 1459 oculos
1253 1423 1320 1461 suos
1340 1423 1418 1460 ama-

417 1507 487 1576 bat,
513 1505 616 1575 obitu,
644 1525 713 1561 mox
738 1517 769 1560 et
789 1505 868 1561 unici
891 1506 1029 1579 nepotis,
1058 1507 1138 1561 Petri
1163 1505 1260 1562 fratris
1289 1507 1418 1582 germani

417 1608 490 1682 filij,
520 1608 577 1664 ianr
599 1619 662 1664 tum
681 1608 808 1664 Umbriae
832 1606 941 1676 Ducis,
963 1606 1021 1663 iam
1044 1610 1220 1664 Francorum
1241 1610 1327 1684 Regis
1352 1607 1417 1664 alfi-

418 1712 508 1767 nitate
527 1710 656 1786 dignati,
678 1711 795 1766 vnlnere
815 1709 912 1764 lethali
926 1709 980 1764 snb
994 1710 1145 1766 obsidione
1162 1711 1312 1784 cujusdam
1332 1713 1419 1767 castri

418 1825 538 1888 accepto
565 1814 603 1869 ad
628 1813 693 1868 ritae
718 1831 811 1886 usque
836 1813 1066 1887 desperationem
1090 1814 1230 1884 adducti,
1262 1814 1419 1888 paucisque

418 1918 485 1991 post
507 1915 653 1971 mensibus
672 1932 708 1970 ex
731 1915 883 1985 diuturna,
906 1933 965 1988 qua
986 1927 1201 1990 computruerat
1219 1916 1421 1990 elephantiasi

419 2017 524 2075 florida
543 2029 625 2073 aetate
646 2017 792 2091 absumpti
811 2016 913 2073 inarare
938 2019 1065 2092 grauiter
1085 2018 1290 2088 contristatus,
1314 2019 1419 2092 conju-

419 2120 579 2178 rationibus
593 2119 709 2176 demum
724 2120 901 2189 multorum,
930 2131 1017 2193 atque
1033 2122 1118 2176 etiam
1133 2121 1301 2176 infimorum
1312 2121 1343 2176 iu
1357 2121 1420 2177 vita

419 2222 585 2280 discrimina
603 2241 663 2279 non
680 2223 767 2279 semel
790 2223 941 2279 adductus.
957 2225 992 2279 In
1012 2223 1213 2298 grauissimum
1233 2224 1300 2280 inde
1314 2225 1422 2279 bellum

420 2326 559 2382 aduersus
592 2327 742 2381 Gallorum
771 2326 878 2400 Regem
912 2336 1050 2381 attractus
1079 2345 1139 2380 non
1170 2327 1266 2382 solum
1289 2327 1422 2383 ararium

420 2428 572 2498 exhausit,
591 2429 692 2484 veriam
709 2440 738 2483 et
757 2427 964 2502 patrimonium
983 2428 1206 2504 oppignoravit,
1227 2429 1343 2505 suisque
1363 2430 1422 2485 iam

421 2527 638 2601 deficientibus,
653 2541 686 2586 ¹et
704 2529 765 2586 iere
787 2541 863 2587 totas
888 2531 1046 2586 amicornm
1066 2549 1136 2606 opes
1153 2532 1333 2608 absumpsit,
1360 2543 1422 2588 urm

420 2632 574 2688 immatura
592 2643 757 2707 praeeuntes
773 2645 888 2703 morte,
900 2633 966 2688 ciam
978 2634 1086 2690 bellum
1099 2634 1160 2707 jam
1173 2635 1247 2706 Jultj
1262 2634 1424 2692 Cordiaab'a

412 2731 520 2806 fratris
547 2735 654 2791 virtute
680 2733 783 2792 eunici
809 2755 895 2810 posse
924 2755 1040 2811 sperare
1071 2748 1216 2812 ceperat,
1250 2738 1423 2808 subitaneo,

422 2836 562 2911 breuique
584 2838 690 2893 morbo
711 2850 846 2913 exceptus
869 2839 1082 2910 intertmbata,
1106 2840 1307 2915 subuersaque
1325 2839 1423 2896 omnia

422 2938 585 3013 dereliquit.
623 2940 770 3014 Quodque
797 2941 882 3015 lengi
909 2941 1049 2998 infelicius
1079 2942 1159 2997 bono
1188 2942 1315 3017 Priscipi
1348 2942 1423 3014 sarit,

423 3041 461 3097 ab
485 3041 569 3098 obitu
589 3060 656 3098 cum
681 3042 952 3098 maledicentissimis
982 3043 1112 3099 omnium
1132 3044 1233 3102 libellis
1269 3045 1424 3100 infamatus

424 3155 515 3214 esset,
542 3144 573 3199 in
600 3147 707 3202 Senatu
731 3146 815 3202 toties
836 3146 873 3202 de
894 3146 1029 3217 manbre,
1054 3147 1149 3221 deque
1172 3146 1244 3204 actis
1268 3141 1331 3222 ejus
1352 3148 1424 3204 abo-

423 3246 537 3318 lendis,
561 3265 617 3322 per
639 3249 767 3306 aduersae
787 3248 919 3306 factionis
940 3249 1036 3306 bostcs
1056 3235 1214 3306 actitatum.
1238 3251 1327 3322 Quod
1351 3251 1422 3307 nulli

423 3362 508 3410 antea
527 3349 659 3407 Pontifici
681 3363 748 3426 post
767 3352 880 3408 obitam
898 3351 1040 3408 aceidessc
1059 3369 1154 3428 neque
1173 3353 1309 3429 legimus,
1328 3371 1424 3428 neque

424 3453 611 3510 meminimus.
648 3455 734 3511 Adde
764 3456 895 3511 omnium
931 3455 991 3512 lere
1023 3456 1231 3514 bitteratorum
1266 3457 1424 3513 amicorum

424 3557 580 3630 querelas,
608 3558 660 3632 qui
693 3559 929 3632 tranquillitatem
964 3560 1017 3614 snb
1048 3559 1174 3616 litterato
1205 3559 1337 3634 Principe
1369 3559 1424 3616 sibi

424 3659 547 3733 quiaque
561 3639 642 3716 suam
659 3673 867 3736 proposuerat,
885 3662 953 3718 calar
967 3680 1001 3717 ea
1016 3661 1130 3736 decepti
1145 3680 1211 3736 spe,
1229 3662 1278 3718 vix
1291 3662 1423 3755 duobus,

424 3772 475 3817 aut
493 3761 580 3818 etiam
599 3764 690 3819 altero
712 3764 750 3819 ad
770 3781 918 3820 surummn
935 3764 1080 3838 enceptia,
1100 3764 1137 3819 in-
1149 3764 1283 3835 miseria,
1302 3776 1330 3820 et
1348 3767 1425 3822 cala-

424 3863 521 3922 mitate
540 3883 639 3922 omnes
661 3867 790 3923 destituti
807 3869 960 3943 jacuerint

463 3966 516 4022 ilic
543 3978 671 4024 tacuerat
693 3972 816 4042 Grani,
840 3969 923 4046 quasi
947 3971 1069 4026 aliorum
1093 3968 1168 4044 siqui
1190 3969 1334 4025 memoriae
1356 3987 1424 4024 suc-

425 4080 594 4139 currerent,
616 4088 698 4128 cesus
715 4073 928 4130 meditaretur:
950 4073 1086 4129 tacebant
1104 4083 1133 4128 et
1153 4071 1200 4146 alij
1221 4089 1334 4141 omnes,
1354 4071 1426 4126 dum

425 4171 625 4247 unusquisque
652 4192 789 4252 magnum
809 4175 931 4236 fortunae
961 4174 1120 4231 ludibrium
1142 4174 1172 4229 in
1202 4178 1300 4231 Leone
1328 4191 1427 4230 secum
