3186 5166
299 525 306 544 ,
362 475 595 530 errunsroamr
616 471 833 530 Inrinrcrrsrn.
872 470 927 528 Lib
957 473 998 530 11.
1131 464 1169 534 69

170 601 286 678 pondus
308 577 519 676 efflagitarent,
553 575 720 674 strictisque
743 587 930 656 mucroiiibns
955 599 993 655 ad
1015 598 1056 655 ita
1083 585 1169 655 labo-¹

169 712 284 762 rentem
315 703 531 778 irrumpentes,
564 702 753 760 interminati*
772 701 908 772 caedem,
940 701 995 757 nisi
1028 700 1167 776 pecunias

166 817 302 864 ¹actutmn
332 806 538 879 depromeret,
570 803 611 862 ita
639 803 787 860 hominem
821 802 1103 878 perterrefeceruut,
1136 814 1170 860 ut

174 925 236 966 uun
252 909 340 964 multi·
353 906 441 964 animi
456 905 519 978 vir,
537 905 765 982 lingua‘potiirs,
785 907 873 980 quam
893 911 981 962 manu
997 917 1167 981 promptus,

171 1029 210 1068 eo
242 1021 354 1067 terrore
377 1011 550 1085 perculsus,
584 1010 660 1068 iuter
675 1035 677 1042 >
690 1027 791 1066 eornm
822 1008 915 1066 minas
946 1008 1078 1066 horribili
1105 1027 1164 1085 prae

171 1115 251 1170 mna
272 1112 448 1170 exanimatus
473 1111 619 1186 expirant.
657 1111 912 1168 Ainnt'hominem
939 1112 1005 1168 crim
1027 1111 1058 1168 in
1081 1128 1165 1168 acer·

171 1215 287 1272 bistirna
306 1231 340 1286 ea
357 1233 455 1270 rerum
474 1215 604 1271 omniurn
624 1214 796 1285 calamitate,
815 1225 844 1272 et
863 1213 961 1288 inopia
977 1213 1064 1276 vitam
1084 1233 1166 1270 suam

171 1311 526 1394 deploraret,·aifirmasse
545 1316 943 1391 Mathematicum‘quendam
963 1316 1031 1372 olim
1049 1335 1166 1382 manum
1199 1317 1202 1328 ’

172 1419 235 1494 ejus
258 1432 287 1475 et
308 1419 434 1495 genesim
453 1419 656 1495 conspexisse,
682 1417 843 1493 dixisseque
868 1435 934 1474 eum
956 1419 988 1474 in
1011 1437 1116 1496 magna
1137 1431 1167 1476 et

171 1531 319 1598 egestate,
349 1533 503 1578 stt-rerum
533 1521 661 1578 omnium
692 1521 892 1596 desperatione
919 1522 1104 1596 periturum*
1129 1525 1165 1582 Se
1206 1515 1207 1520 ἵ

171 1637 268 1682 autem
289 1624 381 1680 adid
399 1641 491 1700 usque
514 1605 635 1700 tempus
649 1624 820 1681 arbitratum
841 1621 903 1681 fieri
924 1623 1042 1700 quidem
1060 1643 1166 1701 posse,
1194 1627 1203 1638 ⁶

168 1738 204 1784 ut
226 1725 324 1802 aliquo
344 1744 442 1783 rerum
460 1735 567 1782 euentu
588 1725 685 1782 omnia
712 1727 898 1803 desperaret,
932 1728 1021 1802 quod.
1037 1727 1118 1784 verd'
1134 1728 1165 1783 in
1208 1755 1210 1759 ·

155 1807 298 1904 ⁸inopiam
319 1847 395 1900 eam,
416 1847 503 1904 quarn
519 1835 770 1888 ‘tunc'extremam
792 1829 974 1903 patiebatur,
995 1830 1173 1888 incursurus·

166 1949 301 2008 unquam
330 1943 428 2002 esset,
461 1941 495 1987 ut
527 1930 679 2002 crederet,
709 1930 815 1988 adduci
848 1949 998 2007 nunquam
1023 1932 1162 2006 potuisse.

211 2035 313 2109 Neque
328 2018 436 2110 singuli
451 2045 563 2089 tanturn
577 2051 643 2090 suos
666 2033 794 2108 quisque
803 2051 900 2089 manes
914 2034 1006 2108 passi,
1028 2035 1079 2092 sed
1095 2033 1163 2091 uui-
1205 2065 1209 2072 ,

171 2155 257 2194 uersa
274 2137 417 2192 interdum
430 2138 584 2194 Acaunum
598 2139 721 2194 Rouana
735 2135 950 2196 inmiserrimai
969 2137 1069 2195 incidit
1085 2140 1164 2196 cala·
1181 2145 1319 2198 Academia

127 2271 130 2280 ·
171 2241 294 2297 unitates.
314 2243 389 2300 Nam
407 2241 472 2296 clim
491 2258 591 2296 eorum
609 2240 756 2315 plerique,
774 2239 935 2314 Principum
954 2239 1072 2312 abjectis
1088 2241 1164 2301 curis
1176 2213 1299 2266 Rm'm'

171 2343 284 2400 assidui
313 2341 449 2416 dicerent.
476 2343 608 2399 Habeant
635 2341 691 2398 sibi
715 2360 767 2398 sua
790 2344 889 2415 Regna
913 2345 1040 2416 Reges,
1056 2343 1163 2399 sodali·
1194 2359 1196 2364 ’

172 2446 301 2520 tiuanue
321 2447 422 2504 Romae
445 2464 480 2501 ex
502 2445 577 2502 bene
606 2445 737 2503 litteratis
763 2443 926 2500 hominibus
953 2444 1164 2524 instituissent,

171 2548 308 2622 statisque
332 2548 433 2614 diebus
456 2547 494 2603 ad
516 2547 721 2630 eruditissimas
750 2565 840 2604 cauas
864 2547 1060 2604 conuenirent.
1091 2549 1165 2604 Ecce
1204 2571 1212 2580 ··

171 2651 273 2707 neseio
297 2657 355 2727 qua
378 2650 415 2706 de
441 2659 527 2707 causa
550 2649 638 2706 delati
663 2650 722 2705 uui
745 2650 1056 2724 ornnes=Pomponins,
1087 2651 1166 2706 Cali-
1205 2654 1218 2708 ‘i‘
1249 2671 1252 2678 ¹

172 2754 309 2826 machus,
329 2755 454 2828 Pogius,
473 2753 610 2824 Plotina,
638 2763 666 2808 et
679 2751 816 2826 plerique
835 2751 882 2825 alij
904 2751 1027 2825 conjecti
1047 2752 1078 2807 in
1097 2772 1164 2809 car·
1211 2761 1220 2780 '⁸

172 2871 287 2926 cerem,
310 2857 467 2930 quaestione
491 2855 528 2911 de
556 2853 689 2910 omnibus
713 2873 767 2928 per
790 2855 932 2918 cruciatus
953 2853 1071 2926 habita,
1095 2831 1163 2930 pars
1208 2863 1217 2882 “·
1253 2911 1258 2921 ,

172 2957 311 3014 diuturno
336 2975 450 3017 carcere
472 2957 625 3028 damnata,
647 2975 715 3032 pars
733 2955 898 3014 inexilium
917 2969 1001 3027 acta,
1020 2977 1088 3033 pars
1108 2967 1177 3016 aere'

171 3059 425 3136 gratri’redempta
442 3059 633 3116 litteratorum
653 3059 781 3115 cladibus
803 3059 944 3135 insignem
966 3060 1032 3116 eum
1053 3079 1162 3116 annunt

171 3161 277 3217 effecit.
303 3163 383 3220 Fuit·
399 3175 428 3218 et
457 3163 513 3218 sub
538 3164 689 3218 Hadriano
707 3181 759 3217 Ἥ.
786 3179 841 3236 par
867 3163 1010 3220 bonarum
1033 3164 1161 3220 omniurn
1211 3221 1213 3226 ,

171 3266 331 3324 litterarum
346 3265 544 3323 infortunium.
567 3268 642 3322 Nam
661 3265 726 3320 cinn
744 3265 874 3322 is'Leoni
886 3267 1004 3320 Decimo
1023 3266 1160 3322 suffectus

172 3378 272 3438 esset,
302 3367 446 3442 ad‘quent
466 3373 580 3442 utpote
592 3368 749 3424 litteratum
765 3365 923 3441 Principem
942 3385 1064 3442 magnus
1082 3369 1160 3425 litte-

171 3477 301 3524 ratorum
314 3485 449 3528 numerus
464 3468 657 3541 confluxerat,
679 3471 748 3526 dum
760 3489 819 3526 non
832 3470 944 3526 minora
959 3471 995 3526 de
1009 3471 1162 3528 Hadn'ano.

170 3570 225 3626 sibi
244 3571 365 3646 quisque
386 3574 557 3650 pollicetur,
574 3591 638 3630 ecce
656 3572 737 3629 adest
754 3575 919 3644 Musarum,
940 3584 969 3628 et
990 3574 1159 3648 eloquentiae

170 3673 314 3748 totiusque
335 3675 435 3736 nitoris
460 3676 549 3734 hostis
568 3674 742 3746 acerrimus,
775 3674 826 3750 qui
848 3675 980 3731 litteratis
1004 3676 1163 3747 omnibus,
1196 3679 1208 3694 ''

169 3776 329 3832 inimicitias
350 3777 549 3847 minitaretur,
574 3763 711 3852 quoniam
730 3788 763 3832 ut
784 3777 1033 3853 ipse'dictitabat,
1058 3782 1181 3835 Teren·

170 3879 374 3952 tinni‘essent,
395 3900 468 3956 quos
494 3882 557 3937 cirm
582 3881 692 3952 odisse,
721 3883 815 3956 atque
837 3880 922 3938 etiam
947 3881 1082 3958 persequi
1105 3900 1159 3938 cae-
1259 3959 1261 3966 Α

168 3981 255 4055 pisset
266 3971 502 4052 ‚wrolu‘utarium¹¹
513 3985 571 4057 alij'
585 3985 698 4041 exilium
709 3991 731 4056 ,’·
751 3983 818 4040 alias
839 3993 926 4059 atque
938 4009 942 4019 ··
955 3985 1023 4041 alias
1046 3985 1094 4058 ali]¹
1115 3986 1158 4040 la-
1179 3997 1180 4004 ’
1195 3995 1200 4000 ’

168 4084 274 4148 tebras,
292 4098 450 4161 querentes
464 4099 478 4157 ,·
499 4085 608 4142 tamdiu
636 4089 763 4158 latuere,
796 4105 856 4161 quo
879 4087 917 4143 ad
939 4087 993 4143 Dei
1017 4085 1157 4144 beneficiio

167 4185 408 4268 alteroslmpsn‘j
430 4186 518 4248 vanno
548 4190 705 4262 decessit,
733 4189 784 4266 qui
815 4190 840 4247 si
870 4190 1017 4266 aliquanto
1037 4190 1164 4247 diutius.
