3186 5166
437 455 479 518 '70
687 463 811 518 loturus
832 459 931 532 Prrnrj
954 462 1133 530 Veterum,
1154 479 1192 520 or

440 585 568 656 vixisset,
592 587 702 643 Gottica
720 586 773 642 'illa
797 597 929 660 tempora
952 587 1090 644 aduersus
1114 589 1206 646 bonae
1227 579 1336 664 litteras
1357 590 1445 648 vide-

438 689 526 750 batur
554 689 750 767 suscitaturus;
773 689 872 746 Finem
892 693 1109 750 Parnasirrrus
1139 691 1238 766 feriam
1262 693 1441 765 ridebatur,

441 792 509 864 quia
529 791 553 846 is
575 803 746 866 expurgata,
769 792 954 866 abstersaque
974 792 1036 848 nasi
1054 793 1159 867 pituita
1184 803 1347 854 sermonem
1362 799 1443 855 ulte-

440 893 500 949 rius
522 913 582 948 non
598 895 784 969 proferebat,
802 896 868 951 clun
887 895 927 951 sic
945 896 1056 970 excepit
1076 897 1208 952 Curtius.¹

284 985 431 1104 &²335th
486 998 545 1052 Cur
572 997 696 1053 obsecro
724 997 778 1053 viri
811 997 918 1071 optime
945 997 1063 1068 litterati
1091 1001 1274 1058 Banumnuu
1301 1002 1439 1060 cisum

283 1122 359 1187 pella,
438 1100 523 1156 obliti
549 1100 624 1156 estis.
643 1103 690 1157 An
713 1100 815 1156 nonis
838 1102 915 1156 inter
936 1101 1103 1157 Academioe
1122 1105 1263 1158 Romanor
1285 1104 1439 1162 litteratis-

440 1203 541 1274 simus,
559 1204 975 1278 facundissimosque‘oratores
989 1204 1187 1278 reponendus,
1204 1219 1291 1278 quem
1303 1209 1438 1264 omute'm

438 1307 525 1363 toties
546 1319 681 1382 stupuere
704 1308 821 1362 rostra?
848 1310 895 1363 An
917 1305 992 1363 lorti
1015 1305 1039 1363 is
1063 1325 1138 1364 uuus
1160 1305 1253 1370 robis,
1266 1307 1333 1366 felix
1352 1307 1440 1365 v'ide-

440 1420 510 1480 tur,
536 1411 603 1483 quia
618 1410 658 1465 vin
671 1413 840 1466 domanam
867 1429 927 1465 non
940 1403 1052 1466 'incidit
1080 1411 1297 1483 calamitatem,
1321 1410 1438 1485 aliquot

413 1509 414 1512 ’
438 1524 506 1568 ante
530 1512 676 1567 mensibus
704 1522 797 1566 morte
827 1523 1016 1586 praeuentus,
1045 1531 1145 1586 passus
1174 1523 1270 1569 tamen
1293 1531 1360 1570 suos
1386 1514 1437 1571 ille

439 1633 557 1688 quoque
578 1633 688 1685 manes,
709 1626 742 1670 ut
761 1615 949 1689 Petroranctij
966 1614 1074 1671 dictum
1089 1621 1238 1690 usurpem,
1259 1616 1310 1690 qui
1323 1616 1438 1690 'inuen-

438 1728 529 1773 tutem
553 1737 667 1777 omnem
698 1737 751 1792 per
774 1718 925 1774 maximam
950 1717 1078 1792 inopiam
1105 1717 1253 1788 traduxit3
1284 1719 1438 1794 grandiori

438 1824 553 1878 demum
581 1833 662 1876 aetate
686 1821 758 1876 Diui
782 1822 861 1878 Petri
888 1819 1041 1878 eanonicus
1065 1819 1204 1876 Sacerdos
1228 1817 1340 1890 tactus,
1363 1840 1436 1880 cm·

437 1924 531 1980 ciahili
553 1943 620 1980 mox
645 1924 776 1999 podagra
789 1921 891 1996 caepit
910 1922 1061 1990 laborare,
1085 1933 1119 1976 ut
1146 1940 1241 1996 neque
1267 1921 1439 1996 indesibi,

436 2029 530 2103 neque
552 2026 648 2084 amicis
669 2026 734 2083 usui
754 2045 814 2083 esse
834 2033 955 2100 posset,
979 2043 1071 2099 eoque
1093 2025 1166 2080 male
1185 2024 1300 2082 habitus
1321 2025 1437 2089 incola*

436 2131 523 2186 modo
547 2132 696 2206 perplures
720 2148 830 2198 annos,
855 2130 892 2186 ab
912 2128 1054 2202 ejusmodi
1071 2129 1186 2184 demum
1210 2127 1360 2184 doloribus
1383 2129 1433 2186 iu·

355 2247 357 2252 ’
438 2246 593 2309 teremptus
612 2237 685 2290 est.v

295 2351 441 2405 comeum·
475 2338 591 2412 Optime
606 2338 757 2396 litteratus
783 2336 838 2392 fuit
864 2336 950 2392 etiam
976 2337 1140 2391 Contractus
1154 2337 1320 2390 ¹liuurcurus.
1335 2335 1434 2398 Vtut,

281 2415 412 2488 Burgum.
437 2439 567 2510 biensis,
597 2459 691 2513 neque
721 2441 781 2514 ipse
806 2457 946 2516 prospera
974 2437 1041 2492 satis
1067 2436 1183 2493 fortuna
1211 2455 1299 2504 osus,
1328 2448 1434 2511 postea

436 2542 511 2598 cuim
541 2561 635 2615 quam
666 2543 852 2616 Augustinum
889 2541 1004 2613 Gysium
1034 2540 1204 2608 Senensem,
1230 2519 1427 2594 Maecenatem

436 2663 537 2713 suurn,
562 2645 639 2719 apud
666 2663 752 2717 quem
776 2644 807 2698 in
831 2644 942 2699 honore
965 2642 1080 2711 fuerat,
1103 2640 1197 2696 amisit
1209 2681 1218 2709 ,
1247 2640 1336 2695 vitam
1357 2639 1431 2700 iude

435 2747 515 2800 nullo
539 2747 641 2803 solatio
659 2747 725 2821 egit.
746 2747 799 2802 Cui
817 2747 873 2801 hoc
893 2746 923 2800 in
947 2743 1095 2819 grandiori
1113 2753 1194 2798 aetate
1214 2742 1316 2815 accidit
1336 2741 1434 2800 infor·

436 2848 571 2917 tunium,
596 2860 637 2904 ‘ut
666 2848 823 2905 clarissimae
851 2847 967 2902 faeminae
995 2864 1093 2901 amore
1122 2845 1339 2919 corriperetur,
1368 2863 1431 2918 qna

434 2963 552 3007 vexatus
572 2970 661 3020 cura,
685 2953 715 3007 in
741 2971 803 3007 eam
826 2950 925 3006 incidit
950 2948 1164 3024 aegritudinem,
1197 2957 1231 3002 ut
1255 2945 1325 3002 nihil
1348 2945 1433 3006 aliud

435 3056 521 3128 quim
544 3056 691 3110 mulierem
715 3074 777 3110 earn
800 3053 1014 3121 meditaretur;
1048 3062 1135 3128 atque
1158 3050 1198 3106 itu
1222 3049 1337 3105 demum
1350 3057 1433 3104 'ccu-

344 3167 347 3176 “
434 3157 524 3212 fectus
543 3156 739 3213 ardentissima
758 3156 790 3212 in
809 3154 883 3210 lehri
904 3172 990 3229 super
1017 3171 1050 3208 ea
1071 3170 1182 3226 semper
1207 3161 1234 3206 et
1259 3149 1432 3224 loquendo,

433 3271 462 3316 et
483 3259 635 3334 rogitando
656 3259 784 3315 decessit.
818 3257 875 3315 Sed
892 3258 960 3312 nolo
978 3273 1032 3330 ego
1050 3255 1156 3310 multos
1179 3263 1430 3326 commemorare,

434 3361 484 3436 qui
506 3363 618 3420 videam
642 3361 827 3438 paucissimos
852 3345 969 3416 omnino
990 3376 1071 3427 esse,
1097 3375 1221 3430 quorum
1245 3375 1306 3412 non
1326 3353 1432 3412 memi-

433 3465 555 3534 neritis3
583 3465 806 3541 indignissimam
826 3443 945 3519 tautum'
964 3461 1048 3516 unius
1070 3457 1256 3515 adolescentis
1279 3468 1430 3533 mortem,

433 3567 516 3639 cujus
541 3567 636 3622 animo
660 3586 725 3622 meo
750 3567 835 3622 dolor
859 3565 942 3620 altius
968 3562 1092 3630 insedit,
1120 3561 1221 3617 vestris
1245 3560 1290 3616 his
1315 3559 1431 3616 littera-

433 3681 530 3725 torum
552 3668 758 3724 calamitatibus
784 3664 990 3723 adnutnerabo.

293 3769 442 3853 ,λολέαμ-Ι
471 3775 569 3827 Nostis
586 3771 661 3828 euim
686 3789 784 3827 omnes
806 3772 941 3824 Joiunuu
962 3770 1125 3823 Birrrsriu
1146 3768 1331 3834 Resonant,
1353 3767 1433 3819 Bar·

278 3837 422 3960 mm&
433 3877 548 3930 tolomei
565 3875 662 3932 Grossi
675 3871 826 3930 &ortensis
847 3869 901 3926 viri
922 3849 1024 3935 filium,
1047 3867 1166 3942 dignuin
1187 3866 1304 3940 quidem
1322 3864 1426 3941 patriis

433 3977 483 4050 qui
495 3976 586 4032 laetior
602 3987 675 4032 esset
695 3974 835 4049 imperiis,
857 3983 885 4028 et
903 3971 949 4029 cui
966 3983 1047 4044 pater
1062 3970 1140 4026 haud
1156 3969 1318 4026 Mezentius
1336 3978 1426 4024 essen

432 4081 462 4135 Is
486 4079 602 4152 quidem
623 4076 852 4152 incomparabilis
874 4073 979 4150 ingenij
1004 4086 1032 4129 et
1055 4072 1210 4149 probitatis
1236 4071 1426 4139 adolescens,

432 4199 512 4238 meus
532 4181 657 4256 primurn
686 4179 863 4254 discipulus,
892 4196 970 4251 mom
990 4188 1018 4233 et
1044 4173 1131 4244 Pien'j
1163 4173 1311 4256 Volerioni
1332 4173 1428 4236 nostri
