3186 5166
358 385 601 474 'erraatroauu
623 419 841 478 Irramcrrarn·
881 412 944 470 Lib.
964 415 1004 469 II.
1134 411 1176 472 83

180 551 286 594 tantur.
311 541 431 597 Perierit
453 543 598 618 incognita
621 555 717 609 morte,
731 543 908 614 Flumineus,
936 544 1030 619 erepti
1052 543 1174 618 inopino

179 661 247 700 casu
269 644 325 700 sint
345 647 481 719 Georgius
506 648 610 716 Valla,
630 649 763 714 Andreas
785 647 963 720 Mougaius,
991 657 1028 701 et.
1042 645 1174 720 plerique

178 746 246 819 alij,
271 747 378 821 scripta
401 766 501 804 eorum
522 759 617 804 tamen
635 749 752 818 uiuent,
774 759 802 803 et
822 748 853 804 in
870 749 1007 806 omnium'
1019 749 1174 805 doctorum

178 850 277 905 animis
298 852 510 924 perennabunt.
534 852 694 908 Abstulerit
713 852 853 927 aegritudo
873 851 1035 919 Musarum,
1057 854 1175 908 Beroal-

122 1033 125 1042 ι
177 955 266 1023 duan,
286 955 458 1023 Maronem,
480 957 609 1023 Gazam,
631 955 842 1022 Oricellaniau,
865 965 894 1010 et
913 973 987 1029 quos
1005 953 1175 1010 nominastis

177 1055 254 1110 viros
285 1075 390 1132 magno
418 1076 545 1112 numero
570 1057 729 1128 litteratos,
759 1058 906 1132 superabit
940 1069 1038 1114 tamen
1067 1040 1172 1122 'eorum

178 1178 303 1230 nomen,
328 1172 356 1216 et
377 1161 443 1221 ciam
465 1179 516 1216 sua
538 1161 643 1216 virtute
666 1161 749 1231 clari,
767 1173 829 1220 tum
849 1160 1109 1220 eruditissimorum
1129 1171 1174 1217 tot

26 1254 29 1259 ¹
74 1257 75 1260 '
112 1304 114 1310 .
177 1261 384 1337 discipulorum
402 1263 508 1336 pietate
530 1281 680 1338 nunquam
697 1262 774 1318 inter
794 1263 963 1324 morientur.
985 1263 1174 1318 Desideratus

177 1378 243 1422 ante
272 1366 347 1422 diem
381 1367 417 1422 sit
448 1368 532 1423 Picus
560 1367 787 1422 Mt'randulanus
807 1407 818 1434 ,
856 1367 967 1422 Paulus
994 1367 1173 1436 Decuualis,

177 1471 223 1529 M.
244 1470 384 1526 Antonius
406 1470 582 1538 Turranius,
611 1472 718 1526 Fuscus
746 1471 853 1537 Cotta,
882 1470 1023 1537 Furnius,
1054 1471 1173 1539 Celsus,

177 1581 264 1645 atque
283 1573 456 1645 Longola'ue,
478 1572 567 1645 ijdem
585 1567 651 1628 ant'e
672 1573 752 1628 diem·
767 1573 960 1629 beatissimam
981 1572 1035 1628 sibi
1055 1572 1175 1632 mmor·

157 1729 158 1732 ,
177 1673 292 1758 talitatis
313 1675 434 1750 gloriam
456 1694 603 1750 peperere.
625 1679 665 1732 At
686 1674 798 1730 sibimet
819 1665 984 1731 consciuere
1004 1694 1106 1731 manus
1126 1677 1172 1738 M.

179 1777 327 1846 Gabellus,
347 1778 556 1832 Laurentianus
579 1780 744 1846 Fortuuius,
762 1778 889 1848 Pn'ulus,
907 1789 937 1833 et
953 1778 1084 1852 plerique
1095 1777 1172 1851 -alij,

176 1878 271 1951 aliqua
279 1878 375 1953 ,igitur
394 1879 593 1954 urgentissima
608 1898 668 1936 sese
686 1879 815 1944 molestia
835 1879 1007 1951 liberarunt,
1024 1882 1173 1936 Cuballum
1244 1857 1250 1868 .

175 1991 270 2036 tamen
290 1981 437 2056 ingenium
457 1981 687 2056 argutissimum,
703 1983 928 2038 Laurentiauum
948 1982 1074 2040 eruditio
1091 1984 1174 2038 lucu-

174 2086 264 2153 lenta,
282 2087 447 2140 Fortuuium
463 2085 577 2140 dicendi
595 2087 695 2159 lepos,
715 2085 882 2140 abditorum
900 2085 1026 2160 cognitio
1046 2087 1173 2142 Priulum

176 2188 337 2246 aeternitati
350 2188 601 2244 commendabunt.
632 2190 739 2244 Extant
773 2187 835 2261 ejus
864 2187 981 2264 juuenis
1007 2188 1112 2244 tabulae
1136 2189 1174 2246 ad

175 2291 234 2354 caeli
255 2291 358 2346 Veneti
381 2310 512 2348 normam
532 2290 745 2366 castigatissime
768 2290 904 2360 directae,
926 2301 1024 2346 extant
1049 2291 1175 2366 argutis-

133 2446 134 2449 ,
175 2393 250 2450 simae
274 2379 446 2467 quaestiones
463 2395 500 2450 de
523 2394 638 2451 orbium
663 2394 816 2450 caelestium
842 2412 984 2464 numero,
1012 2394 1048 2450 de
1069 2395 1174 2468 plane·

174 2508 269 2552 tarum
294 2497 368 2566 situ,
390 2498 426 2552 de
450 2497 605 2572 epinyclis,
629 2497 701 2572 quid
718 2497 790 2554 illud
812 2497 928 2553 tandem
951 2496 1009 2566 sit,
1033 2497 1113 2570 quod
1136 2495 1173 2551 ad

174 2599 247 2655 banc
269 2619 361 2674 usque
388 2599 463 2658 diem
491 2599 645 2666 doctorum
667 2599 795 2656 omnium
819 2599 933 2674 ingenia
959 2598 1100 2674 satigauit.
1134 2601 1174 2655 At

175 2703 310 2760 trucidati
329 2715 398 2760 sunt
418 2705 555 2760 Hercules
574 2705 694 2773 Stroza,
720 2705 828 2760 Paulus
843 2702 1032 2772 Bombusius,
1061 2702 1173 2758 Mutius

172 2807 311 2876 Aradus,
334 2817 435 2880 totque
463 2805 509 2878 alij
536 2806 605 2862 clari
633 2807 794 2862 litteratura
817 2804 893 2876 viri,
923 2804 1062 2868 trucidati,
1080 2807 1184 2879 Reges

173 2918 235 2977 tot,
263 2911 456 2982 Imperatores
482 2919 547 2980 tot,
577 2919 697 2982 totaque
726 2907 869 2964 Diuorum
895 2918 1064 2964 nostrorum
1093 2907 1173 2964 cuda

172 3010 340 3082 hujusmodi
377 3023 419 3070 est
449 3011 601 3067 euentibus
635 3012 745 3086 repleta
775 3031 782 3064 :
813 3028 908 3085 neque
944 3019 1040 3066 tamen
1070 3029 1172 3068 eorum

175 3130 340 3186 quenquam
354 3112 494 3168 infelicem
513 3111 708 3184 arbitramur,
725 3113 788 3170 ctm
805 3111 919 3187 ipsimet
939 3112 1102 3176 felicitatem
1118 3131 1172 3169 suo
1210 3167 1212 3172 ,

174 3213 316 3287 quisque,
336 3215 422 3290 longe
442 3226 538 3271 tamen
556 3216 632 3285 alio,
650 3215 738 3290 qn'am
757 3215 835 3290 vulgi
855 3215 892 3271 sit
915 3215 1028 3290 opinio,
1048 3215 1171 3274 termino

173 3315 385 3390 descripserint.
403 3319 465 3374 llos
484 3335 538 3392 ego
559 3318 678 3392 inquam
699 3325 849 3392 nunquam
869 3317 1004 3388 miseros,
1021 3326 1073 3372 aut
1092 3318 1172 3372 cala-

173 3418 292 3480 mitosos
329 3420 428 3476 dixero
442 3417 455 3490 ,'
482 3421 532 3494 qui
555 3419 690 3476 felicitate
713 3419 846 3496 ingenij,
873 3419 1059 3494 honestisque
1088 3420 1172 3476 labo-

173 3521 273 3590 ribus,
303 3532 331 3576 et
356 3521 477 3578 assiduis
499 3522 602 3597 vigiliis
629 3522 660 3578 id
683 3523 829 3588 consecuti
855 3533 943 3592 suut,
968 3523 999 3578 id
1024 3521 1089 3578 vita
1115 3541 1172 3580 sue

171 3623 337 3696 presidium
367 3624 583 3698 compararint,
616 3624 698 3698 quod
725 3641 820 3698 neque
848 3624 972 3682 fortunae
1001 3625 1174 3716 temeritas,

171 3744 267 3800 aeque
291 3727 350 3785 ulla
373 3725 555 3782 inimicorum
582 3725 689 3800 injuria
719 3726 914 3790 labetactaret.
944 3728 1059 3788 Saluete
1084 3726 1174 3802 igitur

176 3829 282 3892 Placeas*
301 3828 491 3898 sacerdotes,
517 3829 670 3888 Musarum
698 3829 828 3900 alumni,
857 3829 908 3904 qui
934 3829 1065 3890 diuinum
1093 3829 1175 3906 inge·

171 3930 252 3994 nium
271 3931 386 4005 potiirs,
412 3930 500 4004 mrim
518 3933 641 3996 mortale
661 3949 768 4006 corpus
791 3931 886 4012 colere
913 3931 1084 4002 studuistis,
1106 3950 1172 3994 res-

174 4031 226 4103 trit
251 4051 306 4094 uas
333 4032 485 4103 manibus,
513 4033 583 4092 dum
604 4033 639 4097 in
662 4033 795 4097 humanis
815 4034 942 4112 erimus,
966 4053 1080 4111 semper
1099 4035 1174 4094 benc
1204 4053 1206 4058 ·
