3186 5166
499 457 538 514 80
685 479 706 486 ·’
736 459 865 524 λΙοιῐτιω
886 457 982 533 Pruntj
1005 461 1187 531 Vinearum,
1207 481 1244 517 nr
1302 469 1308 516 ἶ

497 594 711 660 quererentur,
736 585 938 660 excogitarent.
966 587 1062 660 Atque
1081 585 1143 656 haec
1166 585 1202 641 de
1224 585 1374 644 voluntate
1394 602 1479 646 nostra

498 688 574 744 dicta
598 685 750 743 sufficiant.
783 687 871 758 Qubd
895 687 965 742 verb
985 688 1015 742 in
1037 687 1129 743 aliena
1151 701 1295 762 potestate
1322 691 1408 746 situm
1428 683 1478 764 est,

498 792 545 846 cui
563 801 668 866 natura
685 790 747 864 ipsa
766 788 915 862 subjacere
939 789 1066 864 cogitur,
1086 769 1182 864 neque
1201 810 1263 864 nou
1280 793 1481 870 incommodum

497 887 616 968 negare,
634 911 695 948 nou
726 902 844 966 potest,
879 891 972 947 occidi
1003 893 1132 966 quippe,
1163 895 1336 972 vulnerari,
1360 895 1481 953 infamem

498 996 634 1065 traduci,
645 995 802 1062 excruciari
821 995 942 1065 morbis,
965 1014 1015 1069 spe
1037 994 1096 1050 solli
1106 1037 1115 1065 ,
1134 1015 1186 1072 suo
1208 997 1338 1053 fraudari
1357 1001 1481 1073 praemio,

498 1111 558 1155 tam
588 1111 655 1154 sunt
689 1097 844 1171 unicuique
879 1097 990 1152 homini
1020 1099 1162 1172 propria,
1192 1111 1236 1155 ut=
1261 1101 1298 1156 ad
1329 1101 1482 1175 hujusmodi

498 1203 609 1272 clades,
634 1212 662 1256 et
687 1198 856 1276 ignominias
878 1210 978 1254 natum
1002 1201 1160 1266 humanum
1181 1208 1271 1276 genus
1292 1222 1376 1259 omne
1398 1205 1483 1260 videa·

498 1318 555 1380 tur.
577 1302 823 1374 Communis-boec
844 1301 1007 1378 calamitas,
1027 1321 1123 1376 neque
1143 1304 1275 1384 litteratis
1293 1315 1423 1374 tantum,
1442 1307 1482 1361 sed

499 1421 527 1464 et
548 1407 705 1482 imperitis,
729 1416 758 1460 et
780 1399 937 1474 obscuris,
952 1416 980 1459 et
998 1405 1143 1462 nobilibus
1166 1385 1246 1480 aeque
1265 1407 1427 1464 distributa.
1446 1409 1483 1465 Sic

498 1513 609 1586 Reges,
634 1509 673 1565 sic
696 1506 860 1579 Sellularij,
880 1491 935 1561 ¹sua
959 1507 1083 1580 quisque
1105 1519 1182 1589 sorte
1206 1508 1303 1583 aliquo
1317 1508 1484 1586 'affliguntur

485 1627 638 1687 tempore.
664 1611 751 1682 Quod
780 1611 804 1666 si
827 1610 890 1684 quis
911 1611 1057 1679 litteratos
1079 1611 1220 1667 immunes
1246 1612 1284 1667 ab
1307 1612 1343 1685 ijs
1367 1613 1484 1670 cladibus

500 1733 561 1772 esse
579 1714 694 1789 cupiat,
717 1724 767 1768 aut
784 1712 935 1786 indignum
949 1713 1067 1782 elamet,
1096 1732 1146 1768 eos
1165 1712 1231 1768 talia
1248 1714 1323 1788 pati;
1347 1713 1485 1791 iudignum

499 1819 584 1874 etiam
612 1818 687 1891 dicat
711 1835 759 1872 eos
778 1816 919 1870 hmnanos
941 1815 1045 1882 fuisse,
1069 1814 1245 1882 sihumanae
1259 1836 1318 1884 ,eos
1346 1819 1486 1891 subjacere

499 1920 658 1977 conditioni
680 1919 760 1990 nolit.
786 1921 883 1996 Quare
907 1918 984 1972 boue
1012 1917 1056 1972 vir
1085 1919 1178 1973 Coloti
1188 1961 1197 1988 ,
1231 1920 1297 1974 curn
1321 1921 1357 1976 de
1385 1921 1486 1976 littera-

499 2036 596 2081 torum
625 2022 789 2078 infelicitate
814 2021 969 2090 dictionem
999 2021 1194 2095 proposuisti,
1215 2038 1265 2077 'eo
1296 2023 1365 2077 mihi
1400 2041 1488 2079 errare

498 2128 575 2184 visus
593 2147 649 2198 es,
664 2126 744 2199 qubd
765 2143 824 2180 nou
843 2123 940 2197 potius
962 2124 999 2178 de
1018 2123 1137 2194 humani
1157 2124 1268 2198 generis
1291 2127 1490 2182 calamitatibus

498 2231 643 2286 dicturum
663 2241 691 2284 te
711 2248 765 2284 nos
787 2221 984 2296 admonueris,
1008 2229 1080 2282 Tam
1107 2227 1183 2282 enim
1205 2226 1268 2282 fieri
1293 2247 1379 2302 posse
1405 2241 1489 2304 puto,

497 2321 531 2390 ut
551 2335 724 2408 quisquam,
746 2333 816 2388 dum
835 2330 927 2400 viuit,
951 2331 1050 2404 aliquo
1073 2351 1132 2386 non
1149 2343 1273 2406 angatur
1293 2332 1492 2400 inconmodo,

500 2437 588 2511 quiuu
608 2437 632 2492 si
651 2437 715 2509 quis
735 2451 853 2509 operam
874 2432 941 2502 det,
964 2453 1000 2488 ne
1022 2432 1141 2489 flumina
1158 2434 1294 2492 deorsum
1316 2434 1430 2504 fluant,
1450 2449 1493 2490 aut

500 2559 614 2596 sursum
639 2539 714 2614 ignis
738 2538 857 2594 feratur.
883 2540 981 2607 Quare
994 2596 997 2600 ,
1011 2536 1114 2591 desiste
1142 2536 1203 2609 jam
1229 2536 1364 2592 infelicim
1388 2539 1494 2593 littera·

500 2653 598 2698 torum
621 2653 727 2697 sortem
748 2642 899 2696 lamentari
914 2682 923 2709 ,
937 2651 975 2710 *et
997 2639 1032 2712 ijs
1056 2639 1152 2713 potius
1173 2641 1340 2714 gratulare,
1366 2641 1420 2715 qui
1443 2655 1494 2694 nou

500 2756 534 2800 ut
558 2744 661 2816 reliqui
686 2744 741 2800 sint
764 2743 886 2799 fortunae
915 2741 1028 2816 penitus
1053 2741 1245 2815 emancipati,
1260 2739 1427 2818 ¹multaque
1448 2743 1495 2798 ba-

500 2849 588 2903 beant
605 2865 675 2916 sua,
698 2867 760 2920 quae
787 2847 865 2902 nulla
885 2846 996 2919 possint
1015 2846 1090 2900 illius
1111 2844 1217 2917 injuria
1236 2859 1388 2926 proruere:
1406 2848 1450 2901 De
1466 2845 1495 2916 ijs

502 2951 578 3004 onim
590 2951 723 3022 loquor,
745 2948 796 3022 qui
812 2948 888 3003 viam
908 2947 962 3002 sibi
979 2949 1016 3002 ad
1034 2947 1275 3002 immortalitatem
1291 2967 1343 3021 per
1359 2947 1497 3024 ingenuos

502 3053 615 3107 labores
637 3070 704 3106 suos
730 3061 926 3125 aperueruut,
953 3049 1003 3123 qui
1025 3049 1112 3103 vitam
1132 3068 1192 3104 non
1215 3050 1303 3118 modo
1328 3050 1392 3123 ijs,
1428 3069 1497 3124 quos

503 3155 661 3224 coluerint,
690 3165 718 3230 et
748 3155 873 3208 celebres
903 3171 963 3208 esse
985 3153 1154 3222 volueriut,
1183 3171 1352 3226 comparare
1379 3165 1499 3228 potuere

503 3258 723 3332 sempiternam,
752 3256 854 3312 sedin
880 3255 979 3337 primis
1006 3255 1178 3311 duraturum
1202 3255 1257 3311 sibi
1280 3267 1500 3312 monumentum

502 3360 722 3416 immortalitatis
748 3359 879 3415 excitare.
905 3358 1051 3431 Quodque
1077 3361 1155 3413 Deus
1174 3358 1257 3432 ipse,
1280 3361 1359 3414 Deus
1385 3360 1501 3433 inquam

504 3465 581 3519 solus
608 3475 742 3538 praestare
770 3462 881 3533 fertur,
905 3461 959 3536 ipsi
986 3461 1101 3535 iugenio
1123 3479 1176 3516 suo
1205 3459 1290 3530 freti,
1324 3462 1382 3516 Dei
1410 3474 1503 3518 tamen

504 3565 605 3621 afflatu
636 3565 728 3638 adjuti
756 3565 869 3619 valeant
900 3581 1016 3618 omnem
1044 3563 1136 3617 iuuidi
1164 3563 1301 3636 temporis
1329 3564 1503 3620 edacitatem

505 3688 650 3743 superare.
677 3667 750 3740 Hinc
780 3667 883 3722 meriti>
915 3667 1023 3720 exultat
1048 3667 1168 3720 Flaccus
1196 3677 1314 3734 noster,
1348 3668 1422 3722 eiun
1454 3686 1505 3722 sua

505 3770 559 3826 sibi
579 3766 709 3826 conscius
725 3770 844 3826 ¹virtutis
869 3771 909 3824 ita
932 3769 1123 3824 emodulatur.

583 3876 680 3948 Exegi
699 3885 910 3928 monumentum
930 3891 989 3926 oerc
1003 3872 1173 3945 perennius,

583 3978 738 4052 Regalique
756 3978 810 4031 situ
830 3973 1015 4049 Pyramidum
1035 3975 1138 4042 aluus,
1224 4031 1228 4036 ,
1277 4035 1279 4038 .

588 4081 671 4150 Quod
685 4099 742 4134 nore
758 4080 848 4134 imber
862 4081 952 4146 edan,
974 4095 1031 4131 non
1047 4077 1151 4158 Aquilo
1167 4078 1305 4152 irrzpotens
1326 4069 1329 4076 ⁴

584 4182 677 4236 Possit
696 4183 806 4238 diruere
813 4215 826 4250 ·,
849 4194 900 4236 aut
918 4181 1130 4236 innumerabilis
