<?xml version="1.0" encoding="UTF-8"?>
<!DOCTYPE html PUBLIC "-//W3C//DTD XHTML 1.0 Transitional//EN"
    "http://www.w3.org/TR/xhtml1/DTD/xhtml1-transitional.dtd">
<html xmlns="http://www.w3.org/1999/xhtml" xml:lang="en" lang="en">
 <head>
  <title>
</title>
<meta http-equiv="Content-Type" content="text/html;charset=utf-8" />
  <meta name='ocr-system' content='tesseract 3.04.00' />
  <meta name='ocr-capabilities' content='ocr_page ocr_carea ocr_par ocr_line ocrx_word'/>
</head>
<body>
  <div class='ocr_page' id='page_1' title='image "./joannispieriiva01valegoog_0072.png"; bbox 0 0 3202 5168; ppageno 0'>
   <div class='ocr_carea' id='block_1_1' title="bbox 351 429 1167 498">
    <p class='ocr_par' dir='ltr' id='par_1_1' title="bbox 351 429 1167 498">
     <span class='ocr_line' id='line_1_1' title="bbox 351 429 1167 498; baseline 0.002 -2"><span class='ocrx_word' id='word_1_1' title='bbox 351 441 584 496; x_wconf 76' lang='lat' dir='ltr'>Iurrltrtrorn&#39;rr</span> <span class='ocrx_word' id='word_1_2' title='bbox 604 437 822 495; x_wconf 62' lang='lat' dir='ltr'>tinniensis.</span> <span class='ocrx_word' id='word_1_3' title='bbox 863 433 926 496; x_wconf 81' lang='lat' dir='ltr'>Lib.</span> <span class='ocrx_word' id='word_1_4' title='bbox 948 439 988 496; x_wconf 90' lang='lat'>11.</span> <span class='ocrx_word' id='word_1_5' title='bbox 1093 446 1098 456; x_wconf 84' lang='lat'>&#39;</span> <span class='ocrx_word' id='word_1_6' title='bbox 1128 429 1167 498; x_wconf 72' lang='lat' dir='ltr'>ili</span> 
     </span>
    </p>
   </div>
   <div class='ocr_carea' id='block_1_2' title="bbox 151 554 1172 2693">
    <p class='ocr_par' dir='ltr' id='par_1_2' title="bbox 151 554 1172 2693">
     <span class='ocr_line' id='line_1_2' title="bbox 167 554 1168 644; baseline 0.001 -20"><span class='ocrx_word' id='word_1_7' title='bbox 167 567 225 625; x_wconf 74' lang='lat' dir='ltr'>sed</span> <span class='ocrx_word' id='word_1_8' title='bbox 248 554 347 623; x_wconf 75' lang='lat' dir='ltr'>audies</span> <span class='ocrx_word' id='word_1_9' title='bbox 369 577 466 622; x_wconf 87' lang='lat' dir='ltr'>tamen</span> <span class='ocrx_word' id='word_1_10' title='bbox 482 566 533 621; x_wconf 89' lang='lat' dir='ltr'>ubi</span> <span class='ocrx_word' id='word_1_11' title='bbox 551 565 629 621; x_wconf 79' lang='lat' dir='ltr'>voles</span> <span class='ocrx_word' id='word_1_12' title='bbox 655 583 690 621; x_wconf 82' lang='lat' dir='ltr'>ex</span> <span class='ocrx_word' id='word_1_13' title='bbox 711 565 815 639; x_wconf 87' lang='lat' dir='ltr'>quouis</span> <span class='ocrx_word' id='word_1_14' title='bbox 838 557 979 623; x_wconf 80' lang='lat' dir='ltr'>nostrum.</span> <span class='ocrx_word' id='word_1_15' title='bbox 997 569 1083 624; x_wconf 84' lang='lat' dir='ltr'>Nune</span> <span class='ocrx_word' id='word_1_16' title='bbox 1095 561 1168 644; x_wconf 76' lang='lat' dir='ltr'>&#39;quia</span> 
     </span>
     <span class='ocr_line' id='line_1_3' title="bbox 174 668 1168 746; baseline 0.002 -20"><span class='ocrx_word' id='word_1_17' title='bbox 174 669 337 726; x_wconf 88' lang='lat' dir='ltr'>institutum</span> <span class='ocrx_word' id='word_1_18' title='bbox 359 670 423 726; x_wconf 90' lang='lat' dir='ltr'>heri</span> <span class='ocrx_word' id='word_1_19' title='bbox 448 669 522 739; x_wconf 84' lang='lat' dir='ltr'>suit,</span> <span class='ocrx_word' id='word_1_20' title='bbox 551 680 584 725; x_wconf 91' lang='lat' dir='ltr'>ut</span> <span class='ocrx_word' id='word_1_21' title='bbox 612 668 643 724; x_wconf 88' lang='lat' dir='ltr'>iu</span> <span class='ocrx_word' id='word_1_22' title='bbox 669 669 743 724; x_wconf 91' lang='lat' dir='ltr'>hanc</span> <span class='ocrx_word' id='word_1_23' title='bbox 769 687 885 725; x_wconf 88' lang='lat' dir='ltr'>arenam</span> <span class='ocrx_word' id='word_1_24' title='bbox 913 672 1069 746; x_wconf 89' lang='lat' dir='ltr'>plerosque</span> <span class='ocrx_word' id='word_1_25' title='bbox 1097 674 1168 730; x_wconf 91' lang='lat' dir='ltr'>alios</span> 
     </span>
     <span class='ocr_line' id='line_1_4' title="bbox 174 769 1168 846; baseline 0.004 -18"><span class='ocrx_word' id='word_1_26' title='bbox 174 773 388 842; x_wconf 79' lang='lat' dir='ltr'>exhiberemus,</span> <span class='ocrx_word' id='word_1_27' title='bbox 409 784 441 828; x_wconf 95' lang='lat' dir='ltr'>tu</span> <span class='ocrx_word' id='word_1_28' title='bbox 464 771 488 828; x_wconf 88' lang='lat' dir='ltr'>si</span> <span class='ocrx_word' id='word_1_29' title='bbox 506 783 609 844; x_wconf 88' lang='lat' dir='ltr'>potes,</span> <span class='ocrx_word' id='word_1_30' title='bbox 630 771 743 846; x_wconf 88' lang='lat' dir='ltr'>quietus</span> <span class='ocrx_word' id='word_1_31' title='bbox 765 783 792 826; x_wconf 88' lang='lat' dir='ltr'>et</span> <span class='ocrx_word' id='word_1_32' title='bbox 815 772 916 827; x_wconf 85' lang='lat' dir='ltr'>sedens</span> <span class='ocrx_word' id='word_1_33' title='bbox 934 774 1081 844; x_wconf 85' lang='lat' dir='ltr'>ausculta,</span> <span class='ocrx_word' id='word_1_34' title='bbox 1098 769 1168 832; x_wconf 82' lang='lat' dir='ltr'>&#39;nos</span> 
     </span>
     <span class='ocr_line' id='line_1_5' title="bbox 173 868 1169 949; baseline 0.003 -18"><span class='ocrx_word' id='word_1_35' title='bbox 173 893 336 931; x_wconf 84' lang='lat' dir='ltr'>sennonem</span> <span class='ocrx_word' id='word_1_36' title='bbox 357 868 489 930; x_wconf 88' lang='lat' dir='ltr'>nostrum</span> <span class='ocrx_word' id='word_1_37' title='bbox 510 871 748 928; x_wconf 85' lang='lat' dir='ltr'>cont&#39;nuabimus.</span> <span class='ocrx_word' id='word_1_38' title='bbox 766 875 856 928; x_wconf 75' lang='lat' dir='ltr'>Garsi.</span> <span class='ocrx_word' id='word_1_39' title='bbox 876 875 938 949; x_wconf 77' lang='lat' dir='ltr'>Ego</span> <span class='ocrx_word' id='word_1_40' title='bbox 957 877 1027 931; x_wconf 83' lang='lat' dir='ltr'>verb</span> <span class='ocrx_word' id='word_1_41' title='bbox 1047 877 1169 936; x_wconf 77' lang='lat' dir='ltr'>maxime</span> 
     </span>
     <span class='ocr_line' id='line_1_6' title="bbox 171 965 1169 1058; baseline 0.004 -26"><span class='ocrx_word' id='word_1_42' title='bbox 171 995 291 1052; x_wconf 88' lang='lat' dir='ltr'>possum</span> <span class='ocrx_word' id='word_1_43' title='bbox 313 977 478 1051; x_wconf 84' lang='lat' dir='ltr'>quiescere,</span> <span class='ocrx_word' id='word_1_44' title='bbox 506 992 600 1046; x_wconf 87' lang='lat' dir='ltr'>neque</span> <span class='ocrx_word' id='word_1_45' title='bbox 626 965 780 1048; x_wconf 82' lang='lat' dir='ltr'>quicquam</span> <span class='ocrx_word' id='word_1_46' title='bbox 808 975 877 1030; x_wconf 88' lang='lat' dir='ltr'>mihi</span> <span class='ocrx_word' id='word_1_47' title='bbox 902 978 1011 1058; x_wconf 77' lang='lat' dir='ltr'>gratius</span> <span class='ocrx_word' id='word_1_48' title='bbox 1039 980 1169 1036; x_wconf 86' lang='lat' dir='ltr'>accidere</span> 
     </span>
     <span class='ocr_line' id='line_1_7' title="bbox 172 1075 1168 1154; baseline 0.003 -18"><span class='ocrx_word' id='word_1_49' title='bbox 172 1091 289 1154; x_wconf 89' lang='lat' dir='ltr'>potest,</span> <span class='ocrx_word' id='word_1_50' title='bbox 315 1079 401 1152; x_wconf 83' lang='lat' dir='ltr'>quim</span> <span class='ocrx_word' id='word_1_51' title='bbox 422 1078 491 1132; x_wconf 85' lang='lat' dir='ltr'>tales</span> <span class='ocrx_word' id='word_1_52' title='bbox 510 1076 605 1146; x_wconf 86' lang='lat' dir='ltr'>viros,</span> <span class='ocrx_word' id='word_1_53' title='bbox 629 1075 679 1150; x_wconf 90' lang='lat' dir='ltr'>qui</span> <span class='ocrx_word' id='word_1_54' title='bbox 695 1077 855 1150; x_wconf 87' lang='lat' dir='ltr'>loquantur</span> <span class='ocrx_word' id='word_1_55' title='bbox 875 1080 1051 1151; x_wconf 84' lang='lat' dir='ltr'>auscultare,</span> <span class='ocrx_word' id='word_1_56' title='bbox 1069 1101 1168 1138; x_wconf 88' lang='lat' dir='ltr'>omues</span> 
     </span>
     <span class='ocr_line' id='line_1_8' title="bbox 158 1159 1167 1252; baseline 0.004 -14"><span class='ocrx_word' id='word_1_57' title='bbox 158 1179 249 1238; x_wconf 78' lang='lat' dir='ltr'>&#39;enim</span> <span class='ocrx_word' id='word_1_58' title='bbox 264 1201 316 1238; x_wconf 80' lang='lat' dir='ltr'>vos</span> <span class='ocrx_word' id='word_1_59' title='bbox 331 1182 369 1236; x_wconf 90' lang='lat' dir='ltr'>oh</span> <span class='ocrx_word' id='word_1_60' title='bbox 382 1173 517 1236; x_wconf 83' lang='lat' dir='ltr'>virtutem</span> <span class='ocrx_word' id='word_1_61' title='bbox 531 1189 559 1233; x_wconf 93' lang='lat' dir='ltr'>et</span> <span class='ocrx_word' id='word_1_62' title='bbox 569 1179 678 1233; x_wconf 82' lang='lat' dir='ltr'>litteras</span> <span class='ocrx_word' id='word_1_63' title='bbox 692 1177 822 1252; x_wconf 83' lang='lat' dir='ltr'>inprimis</span> <span class='ocrx_word' id='word_1_64' title='bbox 835 1198 971 1252; x_wconf 80' lang='lat' dir='ltr'>veneror,</span> <span class='ocrx_word' id='word_1_65' title='bbox 980 1177 1017 1238; x_wconf 81' lang='lat' dir='ltr'>&#39;et</span> <span class='ocrx_word' id='word_1_66' title='bbox 1032 1159 1167 1242; x_wconf 76' lang='lat' dir='ltr'>obs&#39;eruo.</span> 
     </span>
     <span class='ocr_line' id='line_1_9' title="bbox 172 1277 1172 1357; baseline 0.003 -16"><span class='ocrx_word' id='word_1_67' title='bbox 172 1287 328 1342; x_wconf 80' lang='lat' dir='ltr'>Couortus.</span> <span class='ocrx_word' id='word_1_68' title='bbox 351 1277 583 1338; x_wconf 77' lang='lat' dir='ltr'>litteratissimus</span> <span class='ocrx_word' id='word_1_69' title='bbox 604 1279 710 1337; x_wconf 82' lang='lat' dir='ltr'>scilicet</span> <span class='ocrx_word' id='word_1_70' title='bbox 728 1301 850 1353; x_wconf 86' lang='lat' dir='ltr'>omues,</span> <span class='ocrx_word' id='word_1_71' title='bbox 874 1285 924 1357; x_wconf 90' lang='lat' dir='ltr'>qui</span> <span class='ocrx_word' id='word_1_72' title='bbox 946 1285 1047 1343; x_wconf 90' lang='lat' dir='ltr'>studiis</span> <span class='ocrx_word' id='word_1_73' title='bbox 1068 1287 1172 1344; x_wconf 85' lang='lat' dir='ltr'>iisdem</span> 
     </span>
     <span class='ocr_line' id='line_1_10' title="bbox 173 1379 1167 1464; baseline 0.003 -21"><span class='ocrx_word' id='word_1_74' title='bbox 173 1381 374 1456; x_wconf 82' lang='lat' dir='ltr'>delectantur,</span> <span class='ocrx_word' id='word_1_75' title='bbox 400 1379 460 1440; x_wconf 82' lang='lat' dir='ltr'>iton</span> <span class='ocrx_word' id='word_1_76' title='bbox 485 1396 519 1438; x_wconf 90' lang='lat' dir='ltr'>ut</span> <span class='ocrx_word' id='word_1_77' title='bbox 540 1385 671 1459; x_wconf 90' lang='lat' dir='ltr'>plerique</span> <span class='ocrx_word' id='word_1_78' title='bbox 694 1384 814 1458; x_wconf 86' lang='lat' dir='ltr'>obliqua</span> <span class='ocrx_word' id='word_1_79' title='bbox 837 1386 946 1442; x_wconf 88' lang='lat' dir='ltr'>inuidia</span> <span class='ocrx_word' id='word_1_80' title='bbox 966 1385 1167 1464; x_wconf 83' lang='lat' dir='ltr'>persequeris,</span> 
     </span>
     <span class='ocr_line' id='line_1_11' title="bbox 173 1485 1167 1564; baseline 0.003 -18"><span class='ocrx_word' id='word_1_81' title='bbox 173 1490 223 1546; x_wconf 86' lang='lat' dir='ltr'>sed</span> <span class='ocrx_word' id='word_1_82' title='bbox 243 1501 304 1546; x_wconf 88' lang='lat' dir='ltr'>tota</span> <span class='ocrx_word' id='word_1_83' title='bbox 321 1485 408 1545; x_wconf 79' lang='lat' dir='ltr'>animi</span> <span class='ocrx_word' id='word_1_84' title='bbox 427 1487 588 1544; x_wconf 81' lang='lat' dir='ltr'>sinceritate</span> <span class='ocrx_word' id='word_1_85' title='bbox 606 1487 700 1561; x_wconf 84' lang='lat' dir='ltr'>diligis</span> <span class='ocrx_word' id='word_1_86' title='bbox 716 1487 951 1563; x_wconf 50' lang='lat' dir='ltr'>{conuersusque</span> <span class='ocrx_word' id='word_1_87' title='bbox 969 1491 1006 1546; x_wconf 86' lang='lat' dir='ltr'>ad</span> <span class='ocrx_word' id='word_1_88' title='bbox 1027 1493 1167 1564; x_wconf 82' lang='lat' dir='ltr'>Granum,</span> 
     </span>
     <span class='ocr_line' id='line_1_12' title="bbox 172 1585 1168 1666; baseline 0.003 -18"><span class='ocrx_word' id='word_1_89' title='bbox 172 1605 201 1648; x_wconf 84' lang='lat' dir='ltr'>et</span> <span class='ocrx_word' id='word_1_90' title='bbox 228 1585 380 1649; x_wconf 74' lang='lat' dir='ltr'>Melinum</span> <span class='ocrx_word' id='word_1_91' title='bbox 396 1589 486 1646; x_wconf 87' lang='lat' dir='ltr'>multa</span> <span class='ocrx_word' id='word_1_92' title='bbox 511 1589 605 1662; x_wconf 90' lang='lat' dir='ltr'>inquit</span> <span class='ocrx_word' id='word_1_93' title='bbox 631 1589 694 1644; x_wconf 92' lang='lat' dir='ltr'>heri</span> <span class='ocrx_word' id='word_1_94' title='bbox 721 1589 756 1645; x_wconf 92' lang='lat' dir='ltr'>de</span> <span class='ocrx_word' id='word_1_95' title='bbox 786 1590 986 1666; x_wconf 82' lang='lat' dir='ltr'>litteratorum</span> <span class='ocrx_word' id='word_1_96' title='bbox 1004 1593 1168 1652; x_wconf 82' lang='lat' dir='ltr'>infelicitate</span> 
     </span>
     <span class='ocr_line' id='line_1_13' title="bbox 172 1689 1166 1769; baseline 0.004 -19"><span class='ocrx_word' id='word_1_97' title='bbox 172 1695 301 1769; x_wconf 84' lang='lat' dir='ltr'>exempla</span> <span class='ocrx_word' id='word_1_98' title='bbox 323 1693 441 1748; x_wconf 87' lang='lat' dir='ltr'>recitata</span> <span class='ocrx_word' id='word_1_99' title='bbox 465 1689 551 1761; x_wconf 82' lang='lat' dir='ltr'>sunt,</span> <span class='ocrx_word' id='word_1_100' title='bbox 583 1709 648 1764; x_wconf 79' lang='lat' dir='ltr'>quae</span> <span class='ocrx_word' id='word_1_101' title='bbox 672 1701 703 1747; x_wconf 87' lang='lat' dir='ltr'>tu</span> <span class='ocrx_word' id='word_1_102' title='bbox 726 1695 845 1761; x_wconf 83' lang='lat' dir='ltr'>Gruna,</span> <span class='ocrx_word' id='word_1_103' title='bbox 874 1712 938 1767; x_wconf 78' lang='lat' dir='ltr'>quar</span> <span class='ocrx_word' id='word_1_104' title='bbox 965 1694 1166 1769; x_wconf 65' lang='lat' dir='ltr'>Contemnes,</span> 
     </span>
     <span class='ocr_line' id='line_1_14' title="bbox 173 1793 1168 1871; baseline 0.004 -19"><span class='ocrx_word' id='word_1_105' title='bbox 173 1795 235 1871; x_wconf 69' lang='lat' dir='ltr'>quie</span> <span class='ocrx_word' id='word_1_106' title='bbox 249 1798 341 1852; x_wconf 83' lang='lat' dir='ltr'>Pollio</span> <span class='ocrx_word' id='word_1_107' title='bbox 362 1807 460 1850; x_wconf 87' lang='lat' dir='ltr'>noster</span> <span class='ocrx_word' id='word_1_108' title='bbox 479 1795 645 1849; x_wconf 83' lang='lat' dir='ltr'>memoriter</span> <span class='ocrx_word' id='word_1_109' title='bbox 667 1793 894 1863; x_wconf 78' lang='lat' dir='ltr'>enarraucrunt3</span> <span class='ocrx_word' id='word_1_110' title='bbox 923 1797 973 1852; x_wconf 92' lang='lat' dir='ltr'>sed</span> <span class='ocrx_word' id='word_1_111' title='bbox 995 1796 1096 1854; x_wconf 89' lang='lat' dir='ltr'>eoru&#39;m</span> <span class='ocrx_word' id='word_1_112' title='bbox 1122 1818 1168 1856; x_wconf 90' lang='lat' dir='ltr'>me</span> 
     </span>
     <span class='ocr_line' id='line_1_15' title="bbox 151 1893 1168 1970; baseline -0.001 -12"><span class='ocrx_word' id='word_1_113' title='bbox 151 1907 161 1916; x_wconf 88' lang='lat'>&#39;&#39;</span> <span class='ocrx_word' id='word_1_114' title='bbox 173 1900 302 1958; x_wconf 85' lang='lat' dir='ltr'>omnium</span> <span class='ocrx_word' id='word_1_115' title='bbox 317 1893 440 1954; x_wconf 79' lang='lat' dir='ltr'>maxime</span> <span class='ocrx_word' id='word_1_116' title='bbox 461 1895 563 1950; x_wconf 83' lang='lat' dir='ltr'>funera</span> <span class='ocrx_word' id='word_1_117' title='bbox 581 1908 819 1965; x_wconf 89' lang='lat' dir='ltr'>commouerunt,</span> <span class='ocrx_word' id='word_1_118' title='bbox 842 1898 894 1970; x_wconf 90' lang='lat' dir='ltr'>qui</span> <span class='ocrx_word' id='word_1_119' title='bbox 914 1910 980 1956; x_wconf 88' lang='lat' dir='ltr'>ante</span> <span class='ocrx_word' id='word_1_120' title='bbox 1001 1900 1076 1958; x_wconf 87' lang='lat' dir='ltr'>diem</span> <span class='ocrx_word' id='word_1_121' title='bbox 1094 1903 1168 1960; x_wconf 92' lang='lat' dir='ltr'>desi-</span> 
     </span>
     <span class='ocr_line' id='line_1_16' title="bbox 172 1998 1168 2078; baseline 0.002 -20"><span class='ocrx_word' id='word_1_122' title='bbox 172 2003 264 2058; x_wconf 83' lang='lat' dir='ltr'>derati</span> <span class='ocrx_word' id='word_1_123' title='bbox 285 2020 380 2076; x_wconf 91' lang='lat' dir='ltr'>spem,</span> <span class='ocrx_word' id='word_1_124' title='bbox 404 2017 492 2074; x_wconf 89' lang='lat' dir='ltr'>quam</span> <span class='ocrx_word' id='word_1_125' title='bbox 509 1998 545 2052; x_wconf 88' lang='lat' dir='ltr'>dc</span> <span class='ocrx_word' id='word_1_126' title='bbox 565 1998 619 2052; x_wconf 92' lang='lat' dir='ltr'>illis</span> <span class='ocrx_word' id='word_1_127' title='bbox 640 1998 779 2072; x_wconf 87' lang='lat' dir='ltr'>optimam</span> <span class='ocrx_word' id='word_1_128' title='bbox 798 1999 1035 2074; x_wconf 78' lang='lat' dir='ltr'>conceperamus,</span> <span class='ocrx_word' id='word_1_129' title='bbox 1054 2004 1168 2078; x_wconf 85' lang='lat' dir='ltr'>explere</span> 
     </span>
     <span class='ocr_line' id='line_1_17' title="bbox 171 2095 1167 2180; baseline -0.003 -15"><span class='ocrx_word' id='word_1_130' title='bbox 171 2095 423 2166; x_wconf 73' lang='lat' dir='ltr'>latorum-inuidia</span> <span class='ocrx_word' id='word_1_131' title='bbox 440 2101 623 2175; x_wconf 88' lang='lat' dir='ltr'>nequierunt.</span> <span class='ocrx_word' id='word_1_132' title='bbox 641 2103 713 2158; x_wconf 87' lang='lat' dir='ltr'>Non</span> <span class='ocrx_word' id='word_1_133' title='bbox 724 2104 816 2158; x_wconf 90' lang='lat' dir='ltr'>solum</span> <span class='ocrx_word' id='word_1_134' title='bbox 831 2103 906 2157; x_wconf 91' lang='lat' dir='ltr'>enim</span> <span class='ocrx_word' id='word_1_135' title='bbox 925 2103 956 2158; x_wconf 90' lang='lat' dir='ltr'>in</span> <span class='ocrx_word' id='word_1_136' title='bbox 974 2104 1018 2161; x_wconf 88' lang='lat' dir='ltr'>his</span> <span class='ocrx_word' id='word_1_137' title='bbox 1035 2105 1167 2180; x_wconf 82' lang='lat' dir='ltr'>voluptas</span> 
     </span>
     <span class='ocr_line' id='line_1_18' title="bbox 171 2200 1167 2281; baseline -0.001 -15"><span class='ocrx_word' id='word_1_138' title='bbox 171 2227 206 2266; x_wconf 81' lang='lat' dir='ltr'>ea</span> <span class='ocrx_word' id='word_1_139' title='bbox 226 2207 310 2264; x_wconf 92' lang='lat' dir='ltr'>nobis</span> <span class='ocrx_word' id='word_1_140' title='bbox 333 2207 491 2278; x_wconf 88' lang='lat' dir='ltr'>intercepta</span> <span class='ocrx_word' id='word_1_141' title='bbox 514 2203 648 2273; x_wconf 84' lang='lat' dir='ltr'>videtur,</span> <span class='ocrx_word' id='word_1_142' title='bbox 678 2205 765 2278; x_wconf 88' lang='lat' dir='ltr'>q&#39;uam</span> <span class='ocrx_word' id='word_1_143' title='bbox 792 2223 827 2260; x_wconf 84' lang='lat' dir='ltr'>ex</span> <span class='ocrx_word' id='word_1_144' title='bbox 846 2200 953 2260; x_wconf 76' lang='lat' dir='ltr'>¹eor&#39;um</span> <span class='ocrx_word' id='word_1_145' title='bbox 978 2203 1114 2281; x_wconf 71' lang='lat' dir='ltr'>iugenio,</span> <span class='ocrx_word' id='word_1_146' title='bbox 1138 2221 1167 2265; x_wconf 85' lang='lat' dir='ltr'>et</span> 
     </span>
     <span class='ocr_line' id='line_1_19' title="bbox 170 2305 1167 2383; baseline 0 -17"><span class='ocrx_word' id='word_1_147' title='bbox 170 2310 273 2366; x_wconf 89' lang='lat' dir='ltr'>litteris</span> <span class='ocrx_word' id='word_1_148' title='bbox 301 2305 538 2383; x_wconf 77' lang='lat' dir='ltr'>aucupabantur,</span> <span class='ocrx_word' id='word_1_149' title='bbox 575 2306 626 2360; x_wconf 84' lang='lat' dir='ltr'>sed</span> <span class='ocrx_word' id='word_1_150' title='bbox 653 2325 755 2362; x_wconf 88' lang='lat' dir='ltr'>eorum</span> <span class='ocrx_word' id='word_1_151' title='bbox 780 2305 866 2362; x_wconf 88' lang='lat' dir='ltr'>etiam</span> <span class='ocrx_word' id='word_1_152' title='bbox 898 2326 983 2364; x_wconf 87' lang='lat' dir='ltr'>causa</span> <span class='ocrx_word' id='word_1_153' title='bbox 1009 2310 1167 2367; x_wconf 89' lang='lat' dir='ltr'>dolendum</span> 
     </span>
     <span class='ocr_line' id='line_1_20' title="bbox 172 2391 1165 2486; baseline 0 -18"><span class='ocrx_word' id='word_1_154' title='bbox 172 2424 233 2483; x_wconf 90' lang='lat' dir='ltr'>est,</span> <span class='ocrx_word' id='word_1_155' title='bbox 265 2412 346 2486; x_wconf 86' lang='lat' dir='ltr'>qnod</span> <span class='ocrx_word' id='word_1_156' title='bbox 375 2410 406 2466; x_wconf 90' lang='lat' dir='ltr'>in</span> <span class='ocrx_word' id='word_1_157' title='bbox 423 2403 484 2465; x_wconf 72' lang='lat' dir='ltr'>&#39;eos</span> <span class='ocrx_word' id='word_1_158' title='bbox 514 2408 660 2464; x_wconf 82' lang='lat' dir='ltr'>fortunam</span> <span class='ocrx_word' id='word_1_159' title='bbox 691 2407 812 2464; x_wconf 73' lang='lat' dir='ltr'>maximi</span> <span class='ocrx_word' id='word_1_160' title='bbox 842 2391 956 2466; x_wconf 41' lang='lat' dir='ltr'>&#39;saeuisse</span> <span class='ocrx_word' id='word_1_161' title='bbox 982 2411 1165 2485; x_wconf 79' lang='lat' dir='ltr'>iudicamus,</span> 
     </span>
     <span class='ocr_line' id='line_1_21' title="bbox 172 2510 1166 2590; baseline 0.001 -19"><span class='ocrx_word' id='word_1_162' title='bbox 172 2516 242 2590; x_wconf 88' lang='lat' dir='ltr'>quia</span> <span class='ocrx_word' id='word_1_163' title='bbox 273 2514 321 2570; x_wconf 83' lang='lat' dir='ltr'>rix</span> <span class='ocrx_word' id='word_1_164' title='bbox 345 2514 375 2568; x_wconf 88' lang='lat' dir='ltr'>in</span> <span class='ocrx_word' id='word_1_165' title='bbox 400 2514 493 2567; x_wconf 90' lang='lat' dir='ltr'>lucem</span> <span class='ocrx_word' id='word_1_166' title='bbox 521 2510 639 2586; x_wconf 80' lang='lat' dir='ltr'>prodire</span> <span class='ocrx_word' id='word_1_167' title='bbox 673 2529 721 2566; x_wconf 92' lang='lat' dir='ltr'>eos</span> <span class='ocrx_word' id='word_1_168' title='bbox 749 2511 915 2586; x_wconf 81' lang='lat' dir='ltr'>incipientes</span> <span class='ocrx_word' id='word_1_169' title='bbox 944 2516 1118 2588; x_wconf 83' lang='lat' dir='ltr'>oppresserit</span> <span class='ocrx_word' id='word_1_170' title='bbox 1149 2516 1166 2572; x_wconf 77' lang='grc' dir='ltr'>ὁ</span> 
     </span>
     <span class='ocr_line' id='line_1_22' title="bbox 171 2614 1166 2693; baseline 0.001 -20"><span class='ocrx_word' id='word_1_171' title='bbox 171 2615 310 2693; x_wconf 82' lang='lat' dir='ltr'>vestigio.&#39;</span> <span class='ocrx_word' id='word_1_172' title='bbox 331 2620 406 2673; x_wconf 91' lang='lat' dir='ltr'>Nam</span> <span class='ocrx_word' id='word_1_173' title='bbox 430 2614 482 2689; x_wconf 88' lang='lat' dir='ltr'>qui</span> <span class='ocrx_word' id='word_1_174' title='bbox 503 2626 599 2670; x_wconf 72' lang='lat' dir='ltr'>atate·</span> <span class='ocrx_word' id='word_1_175' title='bbox 614 2614 670 2670; x_wconf 85' lang='lat' dir='ltr'>iarn</span> <span class='ocrx_word' id='word_1_176' title='bbox 698 2626 837 2689; x_wconf 89' lang='lat' dir='ltr'>prouecta</span> <span class='ocrx_word' id='word_1_177' title='bbox 863 2616 979 2674; x_wconf 86' lang='lat' dir='ltr'>extincti</span> <span class='ocrx_word' id='word_1_178' title='bbox 1002 2630 1089 2691; x_wconf 88' lang='lat' dir='ltr'>sunt,</span> <span class='ocrx_word' id='word_1_179' title='bbox 1119 2620 1166 2674; x_wconf 82' lang='lat' dir='ltr'>vel</span> 
     </span>
    </p>
   </div>
   <div class='ocr_carea' id='block_1_3' title="bbox 171 2713 1166 2794">
    <p class='ocr_par' dir='ltr' id='par_1_3' title="bbox 171 2713 1166 2794">
     <span class='ocr_line' id='line_1_23' title="bbox 171 2713 1166 2794; baseline 0.003 -18"><span class='ocrx_word' id='word_1_180' title='bbox 171 2721 268 2794; x_wconf 86' lang='lat' dir='ltr'>aliqua</span> <span class='ocrx_word' id='word_1_181' title='bbox 301 2738 420 2775; x_wconf 88' lang='lat' dir='ltr'>suorum</span> <span class='ocrx_word' id='word_1_182' title='bbox 453 2718 615 2774; x_wconf 82' lang='lat' dir='ltr'>studiorum</span> <span class='ocrx_word' id='word_1_183' title='bbox 648 2718 834 2774; x_wconf 89' lang='lat' dir='ltr'>inouumenta</span> <span class='ocrx_word' id='word_1_184' title='bbox 850 2727 854 2732; x_wconf 84' lang='lat'>&#39;</span> <span class='ocrx_word' id='word_1_185' title='bbox 870 2713 1049 2794; x_wconf 78' lang='lat' dir='ltr'>reliquerunt</span> <span class='ocrx_word' id='word_1_186' title='bbox 1070 2723 1095 2793; x_wconf 81' lang='lat'>,&#39;</span> <span class='ocrx_word' id='word_1_187' title='bbox 1120 2724 1166 2779; x_wconf 79' lang='lat' dir='ltr'>rel</span> 
     </span>
    </p>
   </div>
   <div class='ocr_carea' id='block_1_4' title="bbox 143 2822 1167 4128">
    <p class='ocr_par' dir='ltr' id='par_1_4' title="bbox 143 2822 1167 4128">
     <span class='ocr_line' id='line_1_24' title="bbox 170 2822 1166 2904; baseline 0.003 -25"><span class='ocrx_word' id='word_1_188' title='bbox 170 2823 226 2879; x_wconf 91' lang='lat' dir='ltr'>sibi</span> <span class='ocrx_word' id='word_1_189' title='bbox 264 2833 293 2878; x_wconf 91' lang='lat' dir='ltr'>et</span> <span class='ocrx_word' id='word_1_190' title='bbox 327 2823 418 2878; x_wconf 85' lang='lat' dir='ltr'>Musis</span> <span class='ocrx_word' id='word_1_191' title='bbox 448 2832 561 2904; x_wconf 84' lang='lat' dir='ltr'>tantum</span> <span class='ocrx_word' id='word_1_192' title='bbox 593 2822 736 2878; x_wconf 82' lang='lat' dir='ltr'>vixerunt.</span> <span class='ocrx_word' id='word_1_193' title='bbox 775 2825 908 2893; x_wconf 90' lang='lat' dir='ltr'>Quorum</span> <span class='ocrx_word' id='word_1_194' title='bbox 941 2823 1036 2880; x_wconf 84' lang='lat' dir='ltr'>autem</span> <span class='ocrx_word' id='word_1_195' title='bbox 1068 2837 1166 2882; x_wconf 84' lang='lat' dir='ltr'>extant</span> 
     </span>
     <span class='ocr_line' id='line_1_25' title="bbox 170 2921 1166 3000; baseline 0.002 -18"><span class='ocrx_word' id='word_1_196' title='bbox 170 2921 297 3000; x_wconf 83' lang='lat' dir='ltr'>scripta,</span> <span class='ocrx_word' id='word_1_197' title='bbox 316 2925 336 2997; x_wconf 86' lang='lat' dir='ltr'>ij</span> <span class='ocrx_word' id='word_1_198' title='bbox 356 2941 539 2998; x_wconf 83' lang='lat' dir='ltr'>nequaquam</span> <span class='ocrx_word' id='word_1_199' title='bbox 557 2941 617 2979; x_wconf 87' lang='lat' dir='ltr'>esse</span> <span class='ocrx_word' id='word_1_200' title='bbox 637 2923 796 2994; x_wconf 88' lang='lat' dir='ltr'>desierunt,</span> <span class='ocrx_word' id='word_1_201' title='bbox 816 2929 927 3000; x_wconf 82' lang='lat' dir='ltr'>perque</span> <span class='ocrx_word' id='word_1_202' title='bbox 945 2927 1094 2984; x_wconf 89' lang='lat' dir='ltr'>hominum</span> <span class='ocrx_word' id='word_1_203' title='bbox 1113 2947 1166 2984; x_wconf 89' lang='lat' dir='ltr'>ora</span> 
     </span>
     <span class='ocr_line' id='line_1_26' title="bbox 170 3011 1164 3106; baseline 0 -20"><span class='ocrx_word' id='word_1_204' title='bbox 170 3018 328 3086; x_wconf 76' lang='lat' dir='ltr'>volitantes</span> <span class='ocrx_word' id='word_1_205' title='bbox 348 3027 470 3095; x_wconf 75' lang='lat' dir='ltr'>uiuunt,</span> <span class='ocrx_word' id='word_1_206' title='bbox 495 3011 656 3098; x_wconf 88' lang='lat' dir='ltr'>victurique</span> <span class='ocrx_word' id='word_1_207' title='bbox 678 3038 763 3096; x_wconf 94' lang='lat' dir='ltr'>sunt,</span> <span class='ocrx_word' id='word_1_208' title='bbox 791 3027 860 3084; x_wconf 90' lang='lat' dir='ltr'>dum</span> <span class='ocrx_word' id='word_1_209' title='bbox 885 3040 970 3083; x_wconf 90' lang='lat' dir='ltr'>erunt</span> <span class='ocrx_word' id='word_1_210' title='bbox 990 3022 1164 3106; x_wconf 80' lang='lat' dir='ltr'>disciplinae,</span> 
     </span>
     <span class='ocr_line' id='line_1_27' title="bbox 172 3127 1167 3207; baseline 0.002 -20"><span class='ocrx_word' id='word_1_211' title='bbox 172 3131 242 3188; x_wconf 87' lang='lat' dir='ltr'>dum</span> <span class='ocrx_word' id='word_1_212' title='bbox 265 3129 401 3204; x_wconf 83' lang='lat' dir='ltr'>Capitolt&#39;j</span> <span class='ocrx_word' id='word_1_213' title='bbox 427 3127 572 3183; x_wconf 88' lang='lat' dir='ltr'>immobile</span> <span class='ocrx_word' id='word_1_214' title='bbox 599 3145 698 3182; x_wconf 88' lang='lat' dir='ltr'>saxum</span> <span class='ocrx_word' id='word_1_215' title='bbox 723 3129 820 3184; x_wconf 87' lang='lat' dir='ltr'>stabit.</span> <span class='ocrx_word' id='word_1_216' title='bbox 853 3131 890 3184; x_wconf 88' lang='lat' dir='ltr'>In</span> <span class='ocrx_word' id='word_1_217' title='bbox 917 3130 971 3186; x_wconf 87' lang='lat' dir='ltr'>illis</span> <span class='ocrx_word' id='word_1_218' title='bbox 993 3133 1091 3203; x_wconf 77' lang='lat' dir='ltr'>verb,</span> <span class='ocrx_word' id='word_1_219' title='bbox 1115 3135 1167 3207; x_wconf 91' lang='lat' dir='ltr'>qui</span> 
     </span>
     <span class='ocr_line' id='line_1_28' title="bbox 161 3209 1164 3306; baseline 0.002 -18"><span class='ocrx_word' id='word_1_220' title='bbox 161 3209 241 3288; x_wconf 57' lang='lat' dir='ltr'>&#39;uniit</span> <span class='ocrx_word' id='word_1_221' title='bbox 266 3233 424 3306; x_wconf 88' lang='lat' dir='ltr'>scripsere,</span> <span class='ocrx_word' id='word_1_222' title='bbox 452 3247 546 3304; x_wconf 90' lang='lat' dir='ltr'>neque</span> <span class='ocrx_word' id='word_1_223' title='bbox 570 3230 705 3304; x_wconf 87' lang='lat' dir='ltr'>scripturi</span> <span class='ocrx_word' id='word_1_224' title='bbox 724 3220 838 3285; x_wconf 80' lang='lat' dir='ltr'>fuerant</span> <span class='ocrx_word' id='word_1_225' title='bbox 849 3272 858 3302; x_wconf 89' lang='lat'>,</span> <span class='ocrx_word' id='word_1_226' title='bbox 875 3232 957 3304; x_wconf 85' lang='lat' dir='ltr'>qui,</span> <span class='ocrx_word' id='word_1_227' title='bbox 985 3231 1028 3288; x_wconf 83' lang='lat' dir='ltr'>uti</span> <span class='ocrx_word' id='word_1_228' title='bbox 1053 3235 1164 3306; x_wconf 73' lang='lat' dir='ltr'>faceti,</span> 
     </span>
     <span class='ocr_line' id='line_1_29' title="bbox 143 3327 1165 3412; baseline 0.002 -22"><span class='ocrx_word' id='word_1_229' title='bbox 143 3333 154 3354; x_wconf 84' lang='lat'>&#39;·</span> <span class='ocrx_word' id='word_1_230' title='bbox 169 3331 222 3412; x_wconf 74' lang='lat' dir='ltr'>qui</span> <span class='ocrx_word' id='word_1_231' title='bbox 245 3353 308 3390; x_wconf 90' lang='lat' dir='ltr'>mos</span> <span class='ocrx_word' id='word_1_232' title='bbox 327 3327 510 3389; x_wconf 84' lang='lat' dir='ltr'>est&#39;hominis</span> <span class='ocrx_word' id='word_1_233' title='bbox 520 3373 528 3402; x_wconf 93' lang='lat'><strong><em>‚</em></strong></span> <span class='ocrx_word' id='word_1_234' title='bbox 543 3332 656 3388; x_wconf 88' lang='lat' dir='ltr'>&#39;Jouius</span> <span class='ocrx_word' id='word_1_235' title='bbox 673 3343 771 3387; x_wconf 90' lang='lat' dir='ltr'>noster</span> <span class='ocrx_word' id='word_1_236' title='bbox 788 3332 883 3388; x_wconf 87' lang='lat' dir='ltr'>dicere</span> <span class='ocrx_word' id='word_1_237' title='bbox 904 3335 1031 3405; x_wconf 83' lang='lat' dir='ltr'>solebat,</span> <span class='ocrx_word' id='word_1_238' title='bbox 1058 3337 1165 3392; x_wconf 86' lang='lat' dir='ltr'>semina</span> 
     </span>
     <span class='ocr_line' id='line_1_30' title="bbox 170 3428 1164 3511; baseline 0.003 -19"><span class='ocrx_word' id='word_1_239' title='bbox 170 3428 246 3498; x_wconf 80' lang='lat' dir='ltr'>irltra</span> <span class='ocrx_word' id='word_1_240' title='bbox 276 3453 359 3492; x_wconf 90' lang='lat' dir='ltr'>renes</span> <span class='ocrx_word' id='word_1_241' title='bbox 381 3435 556 3509; x_wconf 81' lang='lat' dir='ltr'>praemortua</span> <span class='ocrx_word' id='word_1_242' title='bbox 584 3433 680 3490; x_wconf 83' lang='lat' dir='ltr'>se&#39;cum</span> <span class='ocrx_word' id='word_1_243' title='bbox 705 3435 889 3504; x_wconf 81' lang='lat' dir='ltr'>extulerunt,</span> <span class='ocrx_word' id='word_1_244' title='bbox 915 3433 1018 3511; x_wconf 85' lang='lat' dir='ltr'>parum</span> <span class='ocrx_word' id='word_1_245' title='bbox 1042 3437 1164 3495; x_wconf 71' lang='lat' dir='ltr'>&#39;iacturae</span> 
     </span>
     <span class='ocr_line' id='line_1_31' title="bbox 169 3517 1165 3610; baseline -0.001 -12"><span class='ocrx_word' id='word_1_246' title='bbox 169 3517 314 3608; x_wconf 73' lang='lat' dir='ltr'>fecimus,</span> <span class='ocrx_word' id='word_1_247' title='bbox 344 3535 476 3610; x_wconf 78' lang='lat' dir='ltr'>quamuis</span> <span class='ocrx_word' id='word_1_248' title='bbox 494 3539 498 3550; x_wconf 90' lang='lat'>&#39;</span> <span class='ocrx_word' id='word_1_249' title='bbox 514 3536 639 3592; x_wconf 90' lang='lat' dir='ltr'>iucunda</span> <span class='ocrx_word' id='word_1_250' title='bbox 664 3535 792 3609; x_wconf 85' lang='lat' dir='ltr'>alioquin</span> <span class='ocrx_word' id='word_1_251' title='bbox 827 3555 929 3592; x_wconf 91' lang='lat' dir='ltr'>eorum</span> <span class='ocrx_word' id='word_1_252' title='bbox 946 3539 1165 3598; x_wconf 82' lang='lat' dir='ltr'>&#39;consuetudine</span> 
     </span>
     <span class='ocr_line' id='line_1_32' title="bbox 169 3638 1164 3718; baseline 0.003 -22"><span class='ocrx_word' id='word_1_253' title='bbox 169 3640 278 3718; x_wconf 89' lang='lat' dir='ltr'>priuati</span> <span class='ocrx_word' id='word_1_254' title='bbox 307 3639 486 3697; x_wconf 43' lang='lat' dir='ltr'>doleamus</span> <span class='ocrx_word' id='word_1_255' title='bbox 507 3639 647 3693; x_wconf 85' lang='lat' dir='ltr'>Caeterum</span> <span class='ocrx_word' id='word_1_256' title='bbox 678 3639 751 3712; x_wconf 81' lang='lat' dir='ltr'>quos</span> <span class='ocrx_word' id='word_1_257' title='bbox 781 3638 819 3692; x_wconf 87' lang='lat' dir='ltr'>ad</span> <span class='ocrx_word' id='word_1_258' title='bbox 852 3638 1021 3697; x_wconf 80' lang='lat' dir='ltr'>laetissimam</span> <span class='ocrx_word' id='word_1_259' title='bbox 1053 3643 1164 3718; x_wconf 77' lang='lat' dir='ltr'>frugem</span> 
     </span>
     <span class='ocr_line' id='line_1_33' title="bbox 169 3740 1164 3819; baseline 0.004 -19"><span class='ocrx_word' id='word_1_260' title='bbox 169 3754 358 3819; x_wconf 89' lang='lat' dir='ltr'>peruerturos</span> <span class='ocrx_word' id='word_1_261' title='bbox 369 3759 537 3815; x_wconf 89' lang='lat' dir='ltr'>persuasum</span> <span class='ocrx_word' id='word_1_262' title='bbox 550 3740 739 3810; x_wconf 80' lang='lat' dir='ltr'>habebamus,</span> <span class='ocrx_word' id='word_1_263' title='bbox 755 3759 938 3816; x_wconf 84' lang='lat' dir='ltr'>quorumque</span> <span class='ocrx_word' id='word_1_264' title='bbox 952 3742 1164 3804; x_wconf 78' lang='lat' dir='ltr'>fecunditatem</span> 
     </span>
     <span class='ocr_line' id='line_1_34' title="bbox 170 3831 1165 3918; baseline 0.001 -16"><span class='ocrx_word' id='word_1_265' title='bbox 170 3847 218 3902; x_wconf 84' lang='lat' dir='ltr'>ab&#39;</span> <span class='ocrx_word' id='word_1_266' title='bbox 231 3846 347 3901; x_wconf 89' lang='lat' dir='ltr'>ineunte</span> <span class='ocrx_word' id='word_1_267' title='bbox 372 3855 453 3899; x_wconf 89' lang='lat' dir='ltr'>aetate</span> <span class='ocrx_word' id='word_1_268' title='bbox 476 3831 664 3918; x_wconf 86' lang='lat' dir='ltr'>largissimam</span> <span class='ocrx_word' id='word_1_269' title='bbox 684 3844 885 3915; x_wconf 88' lang='lat' dir='ltr'>intuebamur,</span> <span class='ocrx_word' id='word_1_270' title='bbox 910 3836 966 3900; x_wconf 55' lang='lat' dir='ltr'>eos¹</span> <span class='ocrx_word' id='word_1_271' title='bbox 984 3845 1087 3903; x_wconf 72' lang='lat' dir='ltr'>meriti&gt;</span> <span class='ocrx_word' id='word_1_272' title='bbox 1107 3835 1165 3903; x_wconf 53' lang='lat' dir='ltr'>iuis</span> 
     </span>
     <span class='ocr_line' id='line_1_35' title="bbox 171 3943 1164 4019; baseline 0.003 -14"><span class='ocrx_word' id='word_1_273' title='bbox 171 3943 309 4006; x_wconf 78' lang='lat' dir='ltr'>seramus.</span> <span class='ocrx_word' id='word_1_274' title='bbox 326 3951 423 4018; x_wconf 91' lang='lat' dir='ltr'>Quare</span> <span class='ocrx_word' id='word_1_275' title='bbox 437 3945 519 4019; x_wconf 84' lang='lat' dir='ltr'>qubd</span> <span class='ocrx_word' id='word_1_276' title='bbox 530 3946 570 4001; x_wconf 83' lang='lat' dir='ltr'>ita</span> <span class='ocrx_word' id='word_1_277' title='bbox 585 3948 741 4002; x_wconf 83' lang='lat' dir='ltr'>Decanalt&#39;s</span> <span class='ocrx_word' id='word_1_278' title='bbox 756 3948 867 4003; x_wconf 91' lang='lat' dir='ltr'>obitum</span> <span class='ocrx_word' id='word_1_279' title='bbox 886 3950 1070 4006; x_wconf 84' lang='lat' dir='ltr'>immaturum</span> <span class='ocrx_word' id='word_1_280' title='bbox 1090 3953 1164 4008; x_wconf 63' lang='lat' dir='ltr'>Ceu⁴</span> 
     </span>
     <span class='ocr_line' id='line_1_36' title="bbox 170 4049 1161 4128; baseline 0.002 -20"><span class='ocrx_word' id='word_1_281' title='bbox 170 4064 286 4108; x_wconf 72' lang='lat' dir='ltr'>catenus</span> <span class='ocrx_word' id='word_1_282' title='bbox 306 4049 493 4125; x_wconf 81' lang='lat' dir='ltr'>ingemuerit,</span> <span class='ocrx_word' id='word_1_283' title='bbox 517 4059 545 4103; x_wconf 85' lang='lat' dir='ltr'>et</span> <span class='ocrx_word' id='word_1_284' title='bbox 569 4049 691 4105; x_wconf 88' lang='lat' dir='ltr'>aliorum</span> <span class='ocrx_word' id='word_1_285' title='bbox 715 4051 961 4107; x_wconf 79' lang='lat' dir='ltr'>iuuenum&#39;vi&#39;cem</span> <span class='ocrx_word' id='word_1_286' title='bbox 982 4053 1161 4128; x_wconf 83' lang='lat' dir='ltr'>deplorarit,</span> 
     </span>
    </p>
   </div>
   <div class='ocr_carea' id='block_1_5' title="bbox 169 4151 1233 4313">
    <p class='ocr_par' dir='ltr' id='par_1_5' title="bbox 169 4151 1233 4313">
     <span class='ocr_line' id='line_1_37' title="bbox 169 4151 1233 4238; baseline 0 -28"><span class='ocrx_word' id='word_1_287' title='bbox 169 4174 229 4212; x_wconf 89' lang='lat' dir='ltr'>non</span> <span class='ocrx_word' id='word_1_288' title='bbox 251 4153 402 4230; x_wconf 81' lang='lat' dir='ltr'>iudignum</span> <span class='ocrx_word' id='word_1_289' title='bbox 420 4151 596 4208; x_wconf 84' lang='lat' dir='ltr'>humanitate</span> <span class='ocrx_word' id='word_1_290' title='bbox 624 4170 675 4208; x_wconf 88' lang='lat' dir='ltr'>sua</span> <span class='ocrx_word' id='word_1_291' title='bbox 699 4151 773 4208; x_wconf 87' lang='lat' dir='ltr'>fecit.</span> <span class='ocrx_word' id='word_1_292' title='bbox 802 4157 840 4212; x_wconf 83' lang='lat' dir='ltr'>At</span> <span class='ocrx_word' id='word_1_293' title='bbox 869 4172 920 4209; x_wconf 92' lang='lat' dir='ltr'>cur</span> <span class='ocrx_word' id='word_1_294' title='bbox 942 4171 996 4212; x_wconf 88' lang='lat' dir='ltr'>nos</span> <span class='ocrx_word' id='word_1_295' title='bbox 1017 4160 1163 4214; x_wconf 79' lang='lat' dir='ltr'>Romnrtos</span> <span class='ocrx_word' id='word_1_296' title='bbox 1231 4233 1233 4238; x_wconf 28' lang='grc' dir='ltr'>Ι</span> 
     </span>
     <span class='ocr_line' id='line_1_38' title="bbox 1027 4259 1045 4313; baseline 0 0"><span class='ocrx_word' id='word_1_297' title='bbox 1027 4259 1045 4313; x_wconf 89' lang='grc'><strong>6</strong></span> 
     </span>
    </p>
   </div>
   <div class='ocr_carea' id='block_1_6' title="bbox 0 0 1606 5168">
    <p class='ocr_par' dir='ltr' id='par_1_6' title="bbox 0 0 1606 5168">
     <span class='ocr_line' id='line_1_39' title="bbox 0 0 1606 5168; baseline 0 1"><span class='ocrx_word' id='word_1_298' title='bbox 0 0 1606 5168; x_wconf 95' lang='lat' dir='ltr'> </span> 
     </span>
    </p>
   </div>
  </div>
 </body>
</html>
