3202 5168
165 639 229 716 Ex
248 639 505 714 Prmrariorr
527 635 561 714 J.
582 635 897 734 B.Marcrirr11,
920 633 979 712 ad
999 635 1159 713 lebnam

100 861 104 868 .
160 791 166 798 ’
222 792 288 866 eui
311 789 450 867 titulus
473 819 482 866 :
508 791 751 868 Aratrcra
779 815 833 865 oa
862 789 1159 868 Caiarssrara

222 943 542 1019 Lirrerarororr.
570 938 692 1045 (Lips
715 966 830 1045 1707,
855 940 1009 1044 ira-12).
1034 939 1158 1017 Dedi-

223 1111 321 1171 cata
345 1091 405 1170 ad
422 1091 638 1170 Dominum
663 1091 847 1169 Joarrerr
873 1093 1138 1172 ROBINSON
1148 1152 1159 1194 ,

166 1273 171 1280 ·
224 1243 276 1323 M.
297 1245 419 1344 Brit,
446 1243 609 1322 Reoinae
626 1241 773 1322 Sueoiae
791 1245 1004 1347 Legatum,
1033 1261 1106 1322 eto.

539 1542 807 1588 *⁴¹00-

169 1763 329 1890 Haon
365 1813 585 1886 existimabis
620 1815 780 1888 alienum
814 1816 916 1914 quod
953 1817 1072 1890 Libris
1105 1823 1162 1890 De

168 1935 295 2008 Exilia
323 1941 423 2006 Petri
447 1934 640 2031 Alcyonii,
668 1940 727 2006 Jo.
758 1940 895 2008 Pierii
925 1943 1161 2010 Varenum

168 2061 227 2130 De
251 2056 467 2146 Infielicimte
495 2061 742 2126 litteratorum
769 2054 971 2144 Libellum,
999 2056 1162 2153 lepidum

170 2173 335 2272 profecto
373 2189 483 2271 atque
523 2175 723 2272 elegantem
762 2173 987 2269 adjecimus,
1031 2199 1162 2272 quem,

169 2296 240 2366 etsi
264 2305 348 2368 oum
372 2295 538 2392 ampliori
569 2295 647 2390 ejus
669 2293 1028 2392 Hieroglyplrioorum
1051 2319 1162 2394 opere

44 2421 48 2428 '
171 2439 344 2488 recensus
378 2429 456 2502 est,
498 2415 612 2511 magis
649 2429 769 2485 tamen
798 2416 882 2485 usui
918 2415 1162 2487 studiosorum

172 2534 483 2606 accommodatum
503 2533 581 2606 sore
604 2535 825 2633 putavimus,
844 2537 874 2606 si
891 2537 1023 2608 minori
1040 2536 1163 2608 formae

175 2653 353 2726 ederetur.

193 2807 196 2814 ·
221 2776 346 2846 Tristis
378 2775 550 2846 nimirum
578 2787 632 2845 est
662 2774 853 2869 utriusque
884 2773 969 2846 libri
992 2777 1164 2866 materia3

177 2893 323 2991 dialogo
351 2907 506 2990 uterque
536 2893 786 2989 conscriptus,
825 2894 918 2988 stylo
948 2894 1164 2984 luculento,

174 3038 252 3086 rem
293 3013 501 3084 litterariam
548 3026 653 3082 ornat
695 3013 871 3109 egregie,
921 3027 957 3082 et
998 3015 1062 3108 qui
1106 3015 1165 3085 vel

175 3133 301 3204 titulos
325 3135 420 3204 inter
446 3157 484 3204 se
511 3133 791 3228 comparaverit,
815 3131 966 3202 alterum
987 3131 1165 3226 judicabit

176 3253 329 3324 alterum
356 3252 425 3323 sibi
449 3251 663 3323 imitandum
689 3252 932 3348 proposuisse.

224 3377 274 3442 Ut
304 3373 572 3468 praetermittam
599 3371 670 3443 hoc
697 3372 806 3459 loco,
844 3395 924 3466 quae
953 3370 1052 3468 apud
1081 3376 1165 3444 Cor-

177 3491 311 3562 nelium
342 3492 496 3564 Tollr'um
522 3493 645 3588 leges,
676 3493 740 3589 qui
769 3513 883 3586 quum
914 3491 1165 3588 supplementa

178 3611 262 3683 libri
291 3612 416 3701 dedit,
450 3614 568 3709 ipsum
600 3617 877 3684 Vtrramrom
905 3611 943 3679 in
973 3634 1164 3688 numerum

178 3731 382 3823 Infelicium
414 3737 661 3804 Litteratorum
693 3731 817 3801 retulit
837 3755 846 3799 t
863 3731 945 3802 Fuit
978 3730 1038 3802 bie
1068 3730 1165 3802 idem

179 3855 402 3922 eramtos
423 3855 532 3928 Poeta
550 3863 586 3922 et
603 3854 733 3920 Orator
751 3850 875 3946 paucis
893 3850 1164 3947 comparandus.

179 3974 299 4060 Quare
339 3993 430 4041 oum*
458 3984 563 4042 antea
598 3976 753 4042 Ioannes
789 3973 914 4039 Petrus
948 3985 1164 4058 vocaretur,
