3186 5166
444 425 483 488 56
693 427 815 486 ,loturus
835 428 932 502 Pium]
953 427 1133 498 Venantum,
1155 448 1192 486 uu

322 589 405 658 Scipio
490 563 529 616 At
552 563 652 617 Scnuo
679 557 929 613 Conuenouucnus
961 555 1159 625 nacoriensis,
1189 573 1247 630 qua
1274 556 1436 614 litteratura

311 655 431 706 Coieero-
446 664 550 733 fuerit,
575 645 645 717 'siue
678 673 792 716 carmen
824 659 942 728 Graece,
976 661 1036 714 siue
1059 659 1164 714 Latine
1190 672 1348 736 pangeret,
1375 661 1436 718 siue

308 723 416 796 micha&
446 767 605 848 orationem
630 759 836 832 elucuhraret,
870 779 904 817 ex
924 759 1019 818 multis
1051 757 1113 835 ejus
1145 762 1258 837 scriptis
1279 764 1436 838 unicuique

444 869 558 926 erudito
582 870 645 923 viro
669 863 733 922 licet
752 862 900 941 inspicere.
928 861 1086 922 Plurimdnt
1107 865 1177 920 vero
1196 865 1335 939 proderat
1355 867 1436 942 iuge-

443 971 520 1042 niis,
544 969 733 1027 abditissimos
757 983 887 1043 quosque
906 965 985 1023 locos
1007 965 1162 1041 disciplinis
1185 968 1217 1022 in
1234 969 1366 1026 omnibus
1386 971 1434 1025 in-

443 1069 643 1150 terpretando,
663 1085 696 1128 ut
715 1068 796 1128 facile
816 1069 944 1141 diceres,
964 1069 1034 1125 nihil
1047 1071 1084 1125 ad
1098 1057 1171 1126 lianc
1189 1072 1263 1126 diem
1280 1074 1433 1147 scriptum,

443 1177 523 1254 quod
539 1176 584 1235 ille
602 1194 661 1232 non
675 1171 804 1252 legisset,
818 1169 887 1230 nihil
906 1173 942 1228 ab
958 1193 992 1228 eo
1010 1174 1133 1243 lectum,
1149 1169 1229 1248 quod
1247 1183 1306 1229 non
1323 1170 1353 1229 in
1365 1175 1435 1230 alio·

442 1301 506 1338 rum
527 1269 638 1356 frugem
659 1274 860 1353 benignissime
875 1271 1106 1332 communicaret.
1134 1276 1163 1332 Is
1187 1277 1310 1332 Veneriis
1328 1287 1433 1352 magno

441 1397 553 1459 semper
573 1378 603 1438 in
623 1384 733 1437 honore
752 1374 887 1448 habitus,
909 1377 972 1434 oiim
993 1377 1072 1434 duris
1092 1377 1235 1433 bellorum
1254 1379 1434 1453 temporibus

441 1499 552 1542 tantum
566 1480 681 1540 instare
706 1482 847 1538 malorum
870 1479 984 1536 Venetis
1009 1479 1197 1555 inspexisset,
1229 1481 1323 1555 neque
1347 1483 1376 1536 ln
1399 1499 1432 1538 ea

440 1605 536 1645 rerum
553 1581 769 1663 perturbatione
791 1585 950 1639 litterarum
968 1581 1086 1653 studiis,
1105 1595 1134 1638 et
1152 1583 1228 1654 otio,
1251 1585 1331 1658 quod
1351 1595 1432 1640 tanto

439 1689 593 1747 affectabat
613 1703 718 1764 opere,
739 1690 821 1742 locus
839 1697 929 1754 estet,
948 1681 1027 1740 abire
1050 1697 1078 1740 et
1100 1686 1160 1760 ipse
1180 1698 1296 1742 coactus
1311 1685 1432 1744 Romam

439 1810 468 1850 se
489 1788 627 1861 contulit,
652 1788 703 1846 ubi
724 1790 740 1844 a
762 1787 914 1844 Francisco
934 1785 1068 1842 Attdoeto
1089 1805 1193 1862 magno
1215 1797 1283 1844 tunc
1309 1791 1431 1848 nominis

440 1899 595 1954 cardinale
615 1895 645 1949 in
658 1887 809 1950 amicitiam
829 1887 953 1946 adscitus
974 1899 1024 1947 est.
1048 1885 1091 1946 Eo
1110 1905 1176 1945 mox
1194 1889 1269 1946 intra
1285 1895 1433 1949 Rauenaoe

437 2000 538 2054 maenia
562 1995 709 2054 occidione
731 1991 844 2052 sublato
865 2011 925 2050 non
949 1989 1009 2048 sine
1036 2005 1154 2048 suorum
1180 1989 1342 2050 studiorum
1368 1995 1429 2052 iac-

438 2110 502 2157 tura
524 2099 644 2158 Romam
665 2111 798 2156 reuersus
822 2091 901 2172 apud
919 2097 996 2151 hunc
1017 2093 1155 2153 Colotiam
1175 2110 1325 2168 nostrum,
1347 2099 1431 2155 ouius

438 2200 468 2260 in
488 2203 627 2259 litteratos
647 2215 745 2258 omnes
768 2197 966 2256 liberalitatem
983 2217 1068 2256 nemo
1091 2211 1222 2255 nostrum
1240 2215 1299 2256 non
1325 2219 1430 2274 exper-

438 2313 483 2362 tus
505 2317 562 2376 est,
582 2320 668 2380 quam
684 2299 912 2360 coniunctissime
934 2296 1070 2359 connixit.
1093 2301 1162 2358 Mox
1180 2307 1277 2358 Leone
1297 2303 1333 2359 ad
1353 2306 1431 2359 Pon-

438 2409 575 2482 tificatum
595 2410 764 2482 adsumpto,
784 2422 847 2462 cum
868 2407 960 2481 prima
978 2400 1019 2459 nn
1035 2401 1162 2478 Principii
1177 2403 1325 2462 insedisset
1341 2424 1429 2476 cura,

410 2531 412 2540 ’
435 2525 468 2567 ut
496 2513 602 2567 Iulium
624 2513 783 2585 patruelem
808 2504 926 2564 fratrem
952 2509 982 2563 in
1012 2507 1114 2564 summi
1142 2503 1250 2564 ordinis
1276 2510 1429 2584 collegium

435 2619 602 2688 cooptaret,
618 2625 645 2668 et
659 2609 719 2686 jam
731 2613 875 2668 hominem
893 2609 980 2667 sacris
995 2607 1221 2666 Florentiaorum
1235 2613 1427 2686 praefecisset,

433 2716 525 2789 Scipio
545 2715 585 2769 illi
608 2715 770 2770 studiorum
791 2713 883 2770 socius
905 2715 1008 2782 datus,
1037 2713 1083 2769 cui
1100 2712 1234 2786 quidem,
1256 2726 1288 2769 ut
1309 2726 1337 2770 et
1357 2735 1428 2789 pro-

432 2818 570 2874 batissimi
591 2834 707 2887 mores,
733 2830 761 2872 ct
786 2818 885 2872 litterae
914 2819 976 2890 ejus
1001 2815 1107 2891 optime
1134 2817 1306 2891 exigebant,
1339 2818 1428 2872 caris-

433 2921 520 2992 simus
540 2935 600 2974 esse
620 2927 754 2992 coeperat,
778 2936 871 2993 neque
888 2913 1008 2974 dubium
1026 2920 1097 2992 quin
1115 2930 1143 2974 et
1161 2920 1221 2993 ipse
1240 2920 1276 2976 de
1294 2921 1427 2976 ornando

433 3021 593 3078 studiorum
626 3017 703 3077 socio
735 3021 883 3097 cogitaret.
921 3017 1033 3078 Accidit
1064 3023 1154 3091 verb,
1181 3033 1214 3076 ut
1241 3021 1427 3096 paucissimos

431 3133 647 3200 postmontes,
670 3144 705 3180 ex
727 3141 786 3198 quo
808 3125 824 3179 i
845 3131 925 3179 tanto
947 3119 1078 3199 Principe
1103 3124 1133 3178 in
1154 3123 1306 3180 amicitiam
1326 3139 1427 3198 accep-

386 3233 390 3240 '
432 3239 477 3284 tus
501 3227 615 3297 fuerat,
641 3229 790 3301 repentina
816 3238 965 3302 correptus
989 3226 1063 3282 febri
1085 3225 1202 3298 Pistori]
1223 3225 1303 3300 priris
1323 3245 1423 3282 more-

431 3342 531 3399 retur,
561 3330 648 3402 quim
672 3329 758 3385 ullam
783 3329 971 3385 fauorabilem
995 3329 1049 3384 sibi
1072 3347 1170 3383 aurem
1192 3329 1339 3410 adspirare
1360 3347 1426 3384 scn-

432 3434 523 3489 sisset.

310 3560 421 3611 loannes
460 3537 581 3592 iEodem
598 3537 628 3590 in
646 3531 711 3591 albo
732 3534 915 3608 reponendus
934 3534 1060 3590 Joinuus
1075 3537 1290 3590 Omermmms
1308 3551 1425 3590 summae

294 3628 476 3706 (iniectio-,ir
498 3638 687 3713 integritatis,
715 3632 821 3711 quique
843 3637 1002 3691 litterarum
1020 3635 1114 3691 studia
1132 3636 1176 3690 vel
1199 3636 1340 3693 iteneris
1364 3653 1423 3691 un-

292 3713 350 3744 m
432 3741 551 3814 guiculis
575 3739 677 3795 sectari
698 3751 839 3812 caeperat,
868 3749 896 3793 et
918 3737 996 3812 apud
1019 3739 1194 3793 Bernardam
1219 3751 1331 3812 patrem
1352 3755 1423 3794 cru-

432 3839 600 3898 dilissimam
621 3842 734 3910 virum,
768 3853 795 3896 et
819 3839 896 3915 apud
919 3842 1064 3897 Mcdiceos
1084 3840 1249 3896 huiusmodi
1271 3839 1371 3898 studiis
1391 3841 1424 3896 iu

431 3945 568 4000 cadomo
590 3943 758 3999 florentibus
782 3945 918 4000 educatus
937 3944 1039 3999 lucrat.
1057 3941 1126 3999 Erat
1150 3944 1172 3999 is
1193 3945 1286 4000 Leoni
1302 3945 1424 4001 Decimo

429 4049 512 4102 Pont.
541 4049 626 4101 Max.
657 4047 790 4101 amitinus
817 4046 924 4116 irater,
952 4060 1045 4120 neque
1074 4047 1148 4101 ullus
1174 4056 1255 4115 erat,
1284 4045 1333 4119 qui
1359 4056 1423 4100 tum

430 4165 562 4219 morum,
590 4161 650 4204 tum
679 4145 864 4220 litteraturae,
895 4149 1075 4218 nobilitatis,
1107 4159 1135 4204 et
1164 4147 1422 4224 consanguinitatis
