3202 5168
360 451 592 506 errsasroanrr
612 446 830 524 lsrmrprrsrr.
869 442 932 499 Lib.
954 444 979 500 1.
1127 434 1164 496 31

168 577 311 647 Zerbum,
332 586 361 632 et
382 575 440 631 und
464 573 555 630 lilium
574 573 784 630 adolescentem
801 569 909 626 indicta
930 587 1071 646 causaeo
1094 587 1167 645 sup·

169 679 247 756 plicij
270 696 374 756 genere
399 677 575 747 affecerunt,
603 686 637 731 ut
656 673 782 749 primum
800 673 1051 730 immeritissimnm
1075 670 1167 729 filium

166 794 238 839 ante
267 781 358 858 patris
387 782 487 838 oculos
516 780 593 835 inter
619 778 690 835 duas
715 795 750 833 ex
777 776 856 852 ligno
883 776 995 832 tabulas
1024 776 1167 832 inclusum

170 861 252 941 serm
270 885 406 946 ,medium
436 883 628 951 dissecarent,
660 899 729 936 mox
759 879 854 955 ipsum
878 897 996 954 quoque
1020 889 1166 934 tormento

169 987 277 1044 eodem
296 985 474 1044 atrocissimo
494 985 681 1042 trucidarent.

198 1073 429 1161 'Emonnerunt
454 1087 491 1144 ad
508 1088 582 1144 hanc
601 1085 793 1142 barbarorum
816 1085 1021 1142 immanitatem
1037 1083 1166 1142 omnium

170 1192 278 1276 aphni,
300 1191 453 1265 cunctique
480 1189 569 1245 veluti
592 1200 711 1264 stupore
733 1189 860 1262 quodam
881 1189 995 1244 attoniti
1016 1188 1165 1246 conticue-

169 1306 256 1366 rant,
276 1296 342 1351 crim
364 1295 480 1350 deinum
506 1293 652 1348 Cano-rius
675 1291 715 1348 ita
739 1293 883 1348 silentium
903 1292 991 1367 rupit.
1023 1291 1167 1348 Grauissi-
1194 1277 1316 1332 Qum·

170 1417 250 1454 mum
266 1408 333 1468 est,
360 1415 421 1452 nou
445 1391 574 1464 inficior,
600 1393 630 1449 in
651 1393 760 1464 exilio,
785 1405 815 1449 et
842 1405 967 1470 egestate
990 1394 1170 1450 laborantem

170 1475 275 1556 niorbo
297 1499 383 1556 edam
403 1473 523 1555 absumi.
540 1497 734 1553 Miserrimum
753 1497 846 1572 longae
860 1497 979 1554 alicuius
998 1497 1169 1554 valetudinis

169 1601 360 1678 incommodo
368 1600 511 1671 cruciari,
528 1598 751 1656 infelicissimum
765 1598 920 1670 trucidari;
936 1599 987 1656 sed
1000 1618 1101 1656 eorum
1114 1619 1169 1676 ego

171 1715 278 1761 sortem
301 1703 429 1759 omnium
450 1702 644 1771 teterrimam,
665 1712 693 1757 et
724 1699 997 1758 aerumnosissimam
1019 1702 1168 1775 existimo,

170 1806 222 1880 qui
251 1825 282 1862 se
303 1817 362 1862 tam
390 1804 510 1865 miseros
539 1802 705 1859 iudicarunt
717 1844 727 1874 ,
747 1814 782 1859 ut
804 1814 907 1878 sponte
929 1805 1043 1862 sibimet
1066 1823 1169 1864 manus
1253 1881 1257 1888 .

170 1909 330 1982 injicerent.
348 1885 386 1978 in
405 1907 523 1982 renen
541 1906 617 1962 earm
635 1905 781 1977 erumna,
795 1906 934 1980 quamdiu
954 1926 1069 1984 sperare
1083 1909 1168 1981 not,

170 2029 236 2087 spes
260 2010 389 2086 adfulgct
419 2011 536 2085 aliqua,
561 2028 633 2083 *quae
661 2008 779 2082 quidem
801 2009 1017 2084 aegritudinem,
1039 2023 1090 2068 aut
1109 2011 1169 2068 sor·

170 2105 246 2170 tunae
267 2113 404 2170 saeuitiam
417 2113 526 2184 leniat,
546 2113 578 2168 in
597 2111 707 2168 animos
720 2111 789 2167 verb
813 2123 915 2185 sponte
936 2113 1168 2174 moridestinato

168 2216 250 2272 nulla
264 2193 366 2290 ¹neque
388 2234 469 2291 spes,
490 2233 585 2289 neque
609 2213 726 2270 alterius
743 2213 946 2270 consolationis
967 2215 1042 2272 ratio
1072 2217 1168 2273 locum

169 2317 268 2376 babet.
281 2322 378 2394 Atque
389 2337 426 2374 nc
438 2319 528 2374 ullum
539 2317 708 2374 calamitatis
720 2335 810 2392 genus
822 2317 839 2373 i
853 2316 984 2374 litteratis
995 2319 1083 2389 absit,
1097 2320 1167 2392 hoc,

170 2432 206 2477 ut
227 2432 270 2477 est
289 2421 421 2478 omnium
440 2419 668 2490 atrocissimum,
693 2419 734 2476 ita
755 2418 935 2494 frequentius
953 2420 984 2476 in
1003 2422 1169 2480 huiusmodi

171 2541 262 2600 genus
273 2524 423 2580 hominum
443 2523 646 2580 debacchatur.
669 2521 716 2580 Sic
731 2522 947 2593 Barnosthenes,
962 2523 1002 2580 sic
1022 2525 1113 2597 Cato,
1128 2525 1169 2584 sic
1190 2523 1192 2530 ’

171 2626 250 2703 apud
259 2638 368 2683 veteres
383 2626 454 2682 clari
468 2625 598 2701 plerique
611 2625 666 2682 viri
682 2625 770 2681 vitam
786 2625 896 2697 finiere,
911 2626 993 2700 prud
1007 2627 1060 2683 illis
1071 2639 1168 2702 tamen

171 2729 218 2785 vel
232 2729 327 2799 laudi,
349 2729 396 2784 vel
409 2727 494 2788 saluti
508 2727 679 2784 attributum
691 2738 753 2799 est,
767 2739 796 2783 et
807 2727 921 2785 fortiter
941 2728 1058 2803 periisse
1070 2705 1165 2788 dicti:
1183 2704 1185 2712 .

171 2829 275 2914 nobis,
293 2831 345 2905 qui
368 2829 494 2887 sanctius
511 2829 634 2888 instituti
654 2849 767 2901 sumus,
792 2830 862 2886 nihil
882 2831 963 2905 aequd
977 2833 1167 2907 pernitiosum

170 2934 359 2993 existimatur.
374 2933 463 3004 Qubd
481 2933 505 2990 si
517 2951 614 2989 rerum
626 2952 735 2990 summa
746 2933 776 2988 in
790 2933 938 2991 hominum
950 2935 1086 3010 opinione
1098 2956 1167 2994 cou-

170 3035 263 3107 sistit,
283 3036 324 3092 illi
341 3036 477 3092 nimirum
489 3036 618 3092 omnium
637 3035 885 3107 aernmnndssimi,
904 3037 954 3111 qui
971 3057 1037 3094 suas
1053 3039 1167 3096 sibimet

170 3139 280 3196 inuisas
303 3139 411 3195 animas
439 3137 596 3213 proiecere.
634 3139 742 3195 Verium
766 3138 864 3194 audite
885 3140 1026 3211 obsecro,
1053 3161 1092 3196 au
1115 3143 1167 3199 ulli

170 3253 274 3298 nostro
292 3252 421 3317 tempore
443 3239 568 3309 suerint,
586 3240 638 3314 qui
659 3250 772 3296 tantum
792 3241 958 3298 calamitatis
982 3243 1077 3300 animo
1097 3263 1167 3300 con·

168 3344 319 3419 ciperem,
339 3356 372 3401 ut
391 3361 452 3400 uon
471 3343 527 3399 alia
544 3342 655 3399 ratione
673 3343 713 3398 illi
733 3342 849 3399 obuiam
868 3343 905 3399 iri
917 3363 1002 3421 posse
1014 3357 1176 3422 putarent,t

173 3446 229 3502 nisi
251 3464 352 3502 manus
373 3447 427 3502 sibi
447 3447 663 3503 violentissimas
686 3445 836 3503 inferrent.

212 3550 254 3604 Μ.
270 3549 464 3619 Ctmmtus,
484 3549 694 3618 Anconitauus,
710 3567 820 3604 summa
834 3547 982 3621 doctrina,
999 3571 1168 3628 summoque
1214 3569 1256 3620 M,
1271 3568 1326 3620 ca.

174 3650 282 3706 iudicio
301 3650 366 3721 vir,
388 3650 429 3706 ita
448 3651 635 3724 temperatis,
662 3651 876 3726 moderatisque
904 3654 1033 3711 moribus
1058 3673 1170 3731 semper
1181 3637 1290 3755 &²²5⁰ss

172 3754 284 3824 luerat,
312 3765 345 3810 ut
374 3754 444 3810 nillil
477 3771 512 3809 eo
545 3754 682 3828 probius‚
711 3773 806 3830 neque
836 3755 972 3812 sincerius
1002 3758 1167 3816 haberetur.
1181 3717 1326 3822 anzimu-

174 3856 368 3932 lntegerrirnae
394 3856 438 3912 ad
474 3855 533 3912 haec
563 3856 723 3927 bonitatis,
756 3868 785 3913 et
813 3875 881 3934 erga
915 3859 1044 3916 eruditos
1071 3881 1170 3919 omnes

175 3937 410 4030 amorabuisdus,
433 3977 566 4035 maguam
590 3970 619 4015 et
640 3960 847 4032 humanitatis,
875 3973 904 4018 et
924 3962 1085 4020 sestiuitatis
1104 3966 1170 4023 lau-

176 4062 242 4119 dem
271 4075 484 4139 reportauerat.
518 4064 547 4120 Is
574 4075 690 4134 tamen,
720 4064 790 4130 dum
812 4065 891 4152 apud
917 4068 1098 4124 Cardinulem
1123 4072 1169 4126 M.

178 4166 337 4256 Cornelium
354 4165 375 4222 a
397 4167 513 4223 secretis
528 4167 616 4225 ritem
637 4167 696 4244 agit
715 4168 983 4243 honoratissimam,
1003 4169 1034 4228 in
1047 4172 1171 4230 maniam
