3202 5168
423 375 443 441 6
669 385 790 439 loannis
810 384 906 457 Pararj
928 385 1111 454 Vaccatum,
1132 403 1169 440 oa

409 511 540 581 clades,
561 529 620 584 quo
642 511 743 582 maiori
762 529 882 566 numero
900 511 981 566 editae
1003 522 1088 580 sunt,
1121 511 1155 566 eb
1178 522 1245 566 sunt
1264 511 1421 570 detestabi-

424 614 519 668 liores.
542 612 639 687 Longie
658 612 746 686 igitur
762 613 908 681 miseriis,
926 625 1013 687 atque
1032 611 1153 670 flebilius
1174 624 1216 668 est
1236 632 1288 687 per
1305 615 1435 670 uniuers

425 734 486 771 sam
507 715 592 770 etiam
612 717 759 789 Europam
776 727 859 770 aetate
877 727 975 772 nostra
995 715 1086 771 bonas
1106 716 1215 772 litteras
1235 716 1274 772 ita
1295 717 1422 773 latorum

424 817 605 872 inclementia
631 829 766 885 vexatas,
796 827 828 871 ut
856 819 934 874 nulla
962 817 1023 896 iarn
1046 819 1197 892 prouincia
1230 818 1290 888 sit,
1321 820 1422 876 ciuitas

425 921 523 989 nulla,
540 921 650 975 nullum
674 918 829 996 oppidum,
849 919 958 993 inquo
982 920 1201 996 quadragesimo
1219 921 1323 977 abhinc
1344 940 1420 977 anno

423 1042 485 1079 nou
511 1023 608 1102 aliqua
636 1022 760 1098 insign-is
784 1021 926 1078 calamitas
953 1022 983 1077 in
1006 1023 1061 1077 hoc
1083 1022 1232 1078 bominum
1258 1042 1347 1099 genus
1368 1025 1419 1080 in-

421 1126 566 1184 cubuerit.
581 1129 626 1182 Ita
646 1138 746 1186 nostro
768 1127 869 1183 saecrrlo
890 1136 1042 1200 tempestas
1060 1125 1119 1181 hee
1140 1125 1170 1180 in
1190 1125 1315 1200 optimos
1332 1145 1421 1201 quos-

425 1247 482 1302 que
504 1228 595 1284 esfusa
624 1240 685 1299 est,
716 1242 803 1304 atque
827 1230 900 1286 adcb
923 1248 983 1285 non
1002 1240 1115 1284 nostras
1137 1229 1249 1298 tantiam
1267 1210 1422 1304 regiones,

425 1331 475 1387 sed
498 1342 526 1386 et
547 1331 712 1387 uniuersum
737 1343 879 1387 terrarum
902 1332 1002 1390 orbem
1029 1330 1185 1386 omnifariae
1209 1331 1345 1386 doctrina
1373 1333 1418 1387 lu-

425 1434 549 1490 minibus
581 1434 706 1498 orbauit.
739 1434 849 1512 Videtis
878 1433 972 1502 enim,
1002 1433 1176 1507 auditisque.
1193 1433 1299 1507 passim
1327 1434 1435 1506 bonos,

425 1554 524 1591 omnes
550 1536 750 1611 indignissimis
775 1555 967 1592 aerumnarum
988 1537 1116 1591 omnium
1138 1536 1250 1592 casibus
1276 1535 1419 1608 afflictos,

424 1638 668 1714 paucissimosque
696 1640 853 1696 admodum
881 1657 1047 1695 enumerare
1070 1658 1242 1713 possumus,
1269 1639 1321 1714 qui
1346 1639 1421 1696 felici

425 1740 488 1810 usi,
509 1742 553 1796 vel
566 1741 644 1812 vita,
665 1743 710 1797 vel
727 1742 827 1811 senio,
847 1741 949 1796 leniori
969 1741 1072 1796 mortis
1088 1759 1191 1816 genere
1214 1741 1419 1811 occubuerint,

425 1855 473 1914 et,
493 1855 527 1899 ut
549 1863 616 1899 vera
638 1843 721 1900 vobis
750 1844 860 1914 fatear,
886 1843 1022 1918 quoniam
1044 1844 1105 1898 haec
1127 1843 1277 1917 iniquioris
1299 1843 1436 1907 fortuma,

426 1948 482 2002 tela
505 1947 659 2003 Litteratos
691 1947 833 2022 praecipue
859 1946 999 2003 conficere
1021 1946 1179 2015 videntur,
1211 1945 1349 2020 quamvis.
1366 1953 1428 2021 ego

424 2049 530 2104 horum
551 2049 699 2106 hominum
723 2049 915 2118 industriam,
934 2061 962 2104 et
980 2049 1099 2104 virtutes
1123 2047 1206 2104 uniet
1229 2067 1337 2122 amem,
1363 2048 1420 2132 ob-

425 2170 617 2225 seruamque,
639 2171 740 2206 eorum
761 2163 855 2207 tamen
876 2151 1002 2207 offensus
1022 2150 1133 2224 damnis
1152 2150 1421 2206 aerumnosissimum

425 2274 523 2310 rerum
548 2255 678 2310 omnium
699 2254 825 2310 arbitror
845 2254 917 2310 scire
934 2255 1052 2308 litteras.

464 2359 558 2413 AEtate
577 2369 674 2412 autem
693 2368 792 2412 nostra
818 2357 889 2411 boni
915 2375 1013 2411 omnes
1033 2366 1172 2429 perpetua
1192 2357 1317 2430 quadam
1342 2358 1419 2412 cala-

424 2459 521 2514 mitate
551 2459 685 2534 exagitati
703 2470 753 2513 aut
776 2459 886 2527 vitam,
907 2469 957 2514 aut
980 2468 1102 2512 mortem
1123 2457 1217 2513 sortiti
1240 2470 1307 2514 sunt
1325 2458 1420 2514 infeli-

424 2560 573 2644 cissimam.
614 2563 690 2616 Nam
707 2577 766 2614 'eos
801 2560 913 2614 tantiam
942 2569 1008 2619 ante
1039 2560 1137 2614 oculos
1167 2559 1236 2616 mihi
1264 2552 1419 2634 propono,

424 2681 567 2736 quorum,
597 2663 667 2717 dum
686 2663 840 2730 viverent,
870 2661 961 2717 virtus
984 2661 1068 2716 nobis
1092 2661 1122 2716 iu
1147 2674 1303 2737 conspectu
1322 2663 1418 2732 clara,

425 2763 601 2838 celebrisque
631 2764 706 2832 luit,
735 2783 860 2838 quoram
884 2764 913 2842 si
939 2763 1046 2833 vitam,
1077 2775 1127 2819 aut
1152 2765 1259 2822 exitum
1283 2765 1420 2821 memoria

425 2878 608 2940 repetamus,
633 2886 731 2922 omnes
752 2866 812 2922 ferei
831 2867 876 2921 vel
894 2865 1048 2921 insuaviter
1068 2865 1188 2935 vixisse,
1215 2879 1265 2922 aut
1284 2867 1343 2922 vita
1362 2867 1419 2921 mi-

426 2967 585 3025 serabiliter¹
608 2967 744 3024 decesisse
770 2968 987 3046 comperiemus..

464 3073 501 3126 Et
528 3083 561 3127 ut
591 3071 706 3146 optimis
734 3071 887 3145 incipiam,
913 3073 1090 3129 Hanuomus
1112 3075 1261 3128 Bsarsaus
1286 3074 1434 3144 Orator„

426 3175 604 3256 senatorque
630 3185 723 3229 vester
746 3173 893 3255 optimus,
919 3175 1094 3244 Concurrere,
1123 3174 1195 3244 vir,¹
1215 3175 1296 3248 quod
1321 3193 1420 3229 omnes

426 3276 575 3344 latentur,
604 3287 686 3332 aetate
707 3293 757 3332 sua
787 3275 1006 3331 litteratissimus
1035 3295 1070 3332 eo
1096 3276 1159 3351 ipso
1186 3288 1335 3350 tempore,
1360 3295 1425 3350 quo.

332 3431 336 3438 ,
426 3378 552 3451 aliquam
582 3377 682 3434 studiis
712 3378 769 3434 suis
797 3378 923 3452 quietem
948 3397 978 3434 se
1010 3379 1176 3434 adsecutum
1201 3379 1419 3447 arbitrabatur,

427 3481 497 3548 dum
514 3482 611 3535 Romae
632 3482 710 3555 apud
729 3481 925 3540 Alexandrum
945 3484 1061 3540 Sextum
1079 3479 1245 3538 Pontificem
1263 3479 1420 3536 Maximum

426 3585 541 3638 Veneta
566 3579 721 3638 nobilitatis
747 3582 863 3639 nomine
889 3585 1043 3640 Oratorem
1068 3583 1148 3660 agit,
1176 3582 1350 3656 summisque
1373 3582 1419 3636 ai-

427 3685 500 3759 giliis
522 3683 741 3739 intermortuam
763 3685 906 3740 bonarum
927 3685 1107 3754 litterarum,
1121 3701 1215 3758 neque
1235 3703 1295 3738 non
1313 3695 1341 3739 et
1359 3684 1419 3740 dis-

427 3786 597 3861 ciplinarum
621 3787 741 3862 gloriam
766 3787 902 3857 suscitat,
933 3788 971 3842 ob
995 3798 1158 3861 susceptum
1183 3785 1344 3845 inconsulto
1366 3788 1420 3845 Se·-

426 3866 513 3942 natu¹
533 3906 586 3944 suo
615 3888 814 3964 Aquilegiense
843 3889 1039 3968 sacerdotium.
1066 3890 1144 3944 exsul
1177 3887 1292 3957 lactus,
1326 3900 1355 3944 et
1383 3889 1420 3945 de

427 3988 605 4064 possessione
625 3988 730 4046 eiectus
747 3990 832 4045 vitam
853 3989 970 4066 inopem
987 3990 1155 4064 aliquandiu
1174 3990 1276 4059 traxit,
1296 3991 1420 4047 Alenan·

427 4091 483 4168 dri,
504 4090 649 4148 Pontificis
670 4093 777 4149 Summi
808 4094 939 4167 sportula
972 4093 1188 4170 quodammodo
1221 4103 1396 4150 sustentatus
1408 4133 1418 4163 ,
