3202 5168
415 427 454 492 90
659 441 780 494 lutaris
800 437 902 510 Parnrj
924 441 1103 506 Veturiam,
1124 459 1161 495 11

414 565 541 622 Phaedro
564 583 630 622 mox
653 563 712 622 vita
736 565 855 637 functo,
881 566 911 621 iu
931 565 1112 622 Bibliothecae
1139 566 1271 623 Palatinae
1290 567 1409 642 praefec-

367 689 369 694 ’
415 679 481 725 tura
500 667 540 724 iiii
563 667 699 724 suffectus
720 681 770 726 est.
789 672 828 725 'ln
846 669 965 742 reliquis
985 668 1181 740 ornamentis,
1200 678 1228 724 et
1251 671 1412 729 commodis

415 773 558 847 repulsam
588 781 708 847 passus,
737 772 943 846 despee'tuique
965 773 1177 847 prop'e'modum
1200 773 1336 844 habitus,
1363 773 1412 832 vix

415 876 501 932 victui
528 875 687 932 necessaria
710 877 912 951 precatique
935 875 1132 932 familiaritatis
1157 873 1296 952 dignitate
1325 877 1411 934 adse-

415 981 572 1054 quebatur,
587 999 647 1054 quo
664 999 699 1035 ex
713 998 833 1036 maerore
852 980 916 1036 ciam
937 981 1083 1052 desertum
1102 998 1148 1050 se,
1166 991 1253 1053 atque
1267 979 1412 1054 abjectum

415 1083 607 1153 existimaret,
636 1083 667 1138 in
693 1083 904 1158 rapidissimam
923 1081 1033 1138 febrem
1055 1083 1172 1160 illapsus
1194 1081 1231 1140 ad
1254 1083 1412 1140 amicorum

414 1185 611 1246 liberalitatem
638 1185 795 1262 confugere
814 1189 950 1256 coactus,
967 1185 1052 1240 breui
1072 1201 1106 1241 11
1130 1184 1255 1255 morbo,
1278 1187 1414 1263 curisque

339 1345 342 1352 Α
414 1289 562 1346 confectus
584 1289 700 1346 interiit.

451 1392 504 1448 Hic
521 1407 576 1466 ego
596 1394 660 1447 cirm
681 1392 890 1466 aliquantulum
909 1393 1078 1462 tacuissem,
1102 1393 1305 1468 praeceptoris,
1327 1411 1414 1466 quem

412 1493 496 1554 unice
519 1494 693 1563 dilexeram,
722 1496 1018 1571 observandamque,
1046 1496 1188 1551 desiderio
1209 1495 1414 1566 exacerbatus,

412 1595 528 1671 putauit
551 1595 727 1653 6111111111
749 1597 905 1654 1111111111
934 1617 980 1654 me
1004 1598 1159 1654 dictionem
1182 1616 1293 1668 meam,
1327 1609 1415 1672 atque

413 1700 454 1756 ita
485 1699 605 1773 excepit.
635 1701 728 1758 Multa
759 1701 876 1775 quidem
902 1704 1002 1758 Graaa
1029 1699 1182 1775 Pontifex,
1215 1701 1415 1772 miseriarum,

414 1821 477 1875 quae
503 1802 596 1858 doctis
621 1802 689 1862 viris
711 1802 894 1872 acciderunt,
920 1803 999 1878 apud
1023 1822 1076 1859 vos
1097 1806 1247 1879 exempla,
1274 1823 1337 1877 quae
1363 1819 1416 1858 vos

414 1905 537 1964 infelicia
557 1905 711 1977 judicatis,
734 1906 899 1980 complexus
914 1923 944 1962 es
955 1947 964 1974 ,
987 1905 1038 1961 sed
1059 1906 1130 1979 quid
1151 1905 1279 1979 inquies,
1300 1906 1323 1962 si
1337 1904 1416 1980 apuli

415 2026 468 2064 uos
489 2025 608 2080 quoque
626 2025 726 2082 parem
746 2008 790 2064 his
808 2009 910 2064 vestris
928 2007 1136 2077 calamitatem
1153 2019 1220 2064 utar
1238 2008 1313 2072 enim
1333 2009 1416 2064 locu-

415 2110 493 2165 tione
513 2122 635 2181 vestra,
658 2112 789 2185 quamuis
814 2112 899 2188 longia
923 2112 978 2168 alia
1000 2111 1070 2166 mibi
1093 2112 1129 2166 sit
1153 2111 1313 2180 sententia,
1338 2110 1415 2166 litte-

415 2224 494 2270 ratos
514 2212 646 2270 afflixisse
664 2214 784 2283 dixero,
803 2226 849 2284 et,
870 2225 904 2269 ut
922 2214 938 2269 ir
955 2213 1186 2288 professoribus,
1208 2213 1238 2267 iu
1258 2214 1366 2286 quibus
1386 2224 1418 2272 tu

414 2313 500 2371 finem
527 2316 640 2386 fecisti,
673 2317 827 2390 incipiam,
860 2317 926 2372 cirm
959 2316 1153 2371 adolescentes
1185 2333 1331 2385 essemus,
1359 2301 1418 2372 1111

415 2420 567 2477 habuimus
597 2419 721 2493 insigues
751 2420 912 2474 litteratura
946 2419 1052 2488 viros,
1084 2425 1159 2492 quos
1195 2419 1226 2474 in
1252 2417 1419 2476 huiusmodi

416 2520 517 2577 studiis
537 2523 725 2576 sectabamur.
748 2523 828 2578 Duos
846 2519 973 2578 Venetiis
992 2522 1124 2576 Marcum
1142 2521 1301 2577 Antonium
1320 2521 1419 2578 Sabel-

416 2622 528 2693 licum,
566 2635 594 2678 et
628 2624 784 2700 Georgium
820 2625 958 2700 Veliam,
993 2623 1101 2697 Patavij
1144 2636 1240 2683 autem
1277 2627 1419 2681 loannem

418 2726 654 2800 Calyphurnium.
676 2727 734 2797 Qui
754 2727 871 2800 quidem
892 2729 937 2782 vel
963 2727 993 2782 in
1016 2727 1189 2803 grauissimis
1215 2727 1352 2797 miscuis,
1373 2727 1418 2783 vel

418 2828 594 2901 iniquissima
625 2830 688 2884 vitae
720 2830 884 2886 conditione
910 2828 996 2892 finem
1023 2831 1118 2892 sortiti
1152 2842 1244 2900 sunt,
1279 2842 1312 2886 ut
1339 2849 1420 2886 more

419 2943 515 2988 vestro
534 2933 646 3002 dicam,
668 2934 874 2992 calamitosum.

282 3041 403 3116 Georgius
457 3037 605 3092 Guoacrus
626 3036 701 3091 enim
720 3038 828 3105 Vsum,
850 3039 1073 3106 Percurremus,
1098 3036 1180 3091 multi
1199 3037 1302 3110 studij‚
1324 3038 1420 3092 multae

245 3108 358 3173 rma·
419 3137 639 3216 doctriuaeyir,
669 3141 823 3197 multarum
843 3140 921 3196 idem
942 3139 1175 3197 lucubrationum
1201 3151 1320 3208 auctor„
1349 3139 1420 3196 dum

420 3244 563 3296 Vauarrrs
588 3241 758 3316 profitetur,
783 3242 908 3299 Triult'ioe
930 3243 1061 3298 factionis
1093 3253 1216 3298 sectator
1243 3241 1420 3324 acerrimus,

420 3343 459 3398 ita
480 3355 537 3412 ut,
561 3345 631 3418 quin
655 3345 768 3419 publice
794 3347 880 3410 111111
902 3346 1084 3401 aduersarios
1108 3344 1265 3401 maledictis
1287 3343 1421 3418 proscin-

421 3447 517 3515 deret,
539 3447 654 3503 minime
678 3448 731 3504 sibi
749 3460 909 3522 temperare
931 3459 1046 3522 posset,
1067 3447 1132 3506 hinc
1151 3447 1290 3503 Ludouici
1307 3447 1422 3502 Medio-

392 3577 393 3582 *
421 3550 546 3606 lanensis
563 3527 650 3604 Ducis
668 3551 819 3607 inimicitiis
837 3563 971 3620 vexatus,
986 3551 1019 3605 in
1037 3551 1118 3624 ipsa,
1140 3568 1227 3623 quara
1240 3548 1422 3620 instituebat,

421 3652 536 3713 ciuitate
552 3653 698 3725 conjectus
718 3655 747 3710 in
767 3673 926 3724 carcerem,
946 3656 1002 3710 situ
1018 3673 1052 3709 eo
1072 3652 1240 3727 aliquandiu
1257 3650 1423 3721 contabuit,

421 3756 536 3829 cognita
553 3774 621 3812 mox
638 3769 722 3811 causa
732 3797 741 3826 ,
762 3768 790 3811 11
809 3757 972 3827 absolutus,
988 3769 1016 3812 et
1035 3747 1175 3814 cathedrae
1195 3773 1251 3810 suae
1271 3753 1421 3822 redditus,

420 3858 498 3920 haud
518 3857 558 3915 ita
578 3859 669 3918 multo
693 3869 759 3932 post
786 3860 851 3916 ciam
875 3875 958 3920 mane
982 3877 1094 3916 summo
1116 3868 1233 3931 paratus
1255 3867 1423 3911 11111111-

423 3959 499 4022 ierre
520 3978 549 4018 11
562 3962 599 4020 ad
612 3959 802 4029 auditorium,
821 3961 880 4015 ubi·
894 3972 962 4021 tunc
974 3961 1149 4020 Tusculanas
1169 3958 1315 4014 Ciceronis
1334 3974 1425 4031 quas-

421 4061 514 4122 tiones
525 4063 713 4140 lrraelcgcbat,
728 4063 822 4138 dequo
833 4062 933 4122 anima
946 4062 1159 4124 imruortalitats
1170 4059 1425 4128 vehementissime,

422 4165 642 4246 doctissimique
656 4165 785 4244 quotidie
799 4165 976 4240 disserebat,
991 4164 1189 4226 cemoeterio
1208 4162 1423 4242 1111111111-
